1751 2750
748 148 847 210 ,25

66 305 68 307 »
113 281 334 326 singulariter
358 293 404 316 an
431 282 609 327 pluraliter
636 284 682 317 sit
715 283 990 328 intellegendum
1015 282 1105 317 haec
1137 283 1290 328 profert:
1332 283 1531 318 ›Insomnia

112 341 243 388 (femin.
278 342 345 387 sg.)
381 343 484 382 enirn,
519 343 600 379 licet
640 349 676 378 et
700 344 874 378 Pacuvius
905 349 941 378 et
965 344 1101 378 Ennius
1136 344 1338 388 frequenter
1364 344 1528 383 dixerint,

68 428 70 430 ψ
114 402 245 439 Plinius
270 407 391 436 tamen
410 402 557 438 exclusit
574 410 610 439 et
636 405 681 439 de
708 416 771 439 usu
790 405 972 439 removit‹.
1026 405 1057 439 E
1076 404 1210 439 Charisi
1236 405 1326 451 loco,
1353 412 1425 450 quo
1443 406 1530 439 item

111 463 285 497 Pacuvius
317 468 353 497 et
385 475 506 497 versus
540 465 596 499 ille
620 466 845 509 Vergilianus
876 466 1046 505 laudatur,
1082 467 1243 510 adaeque
1278 466 1529 509 cognoscimus

109 524 256 558 Plinium
282 525 378 568 apud
405 525 597 569 Vergilium
624 526 838 569 singularem
865 537 1051 560 numerum
1076 538 1147 560 non
1172 526 1356 560 admisisse
1390 532 1427 560 et
1451 527 1526 571 plu-

112 584 221 618 ralem
245 589 306 618 aut
332 584 466 628 vigilias
491 590 553 618 aut
577 585 716 620 somnia
743 586 1011 630 interpretatum
1046 597 1132 620 esse.
1161 606 1209 611 —
1234 586 1386 620 Videtur
1419 587 1526 620 etiam

60 631 65 635 ¹
110 644 247 678 Nonius
264 654 298 688 p.
319 652 389 687 209
418 645 674 679 ›insomnium‹
695 644 808 678 Plinio
826 645 957 679 debere
981 645 1062 679 licet
1079 647 1124 679 ab
1143 646 1212 679 alio
1230 657 1302 691 quo
1328 651 1521 680 mutuatus.

225 705 407 739 Adcurata
433 706 639 749 quaestione
665 706 771 749 digna
797 695 888 739 sunt'
903 717 996 750 quae
1029 718 1085 750 ap.
1118 706 1220 741 Char.
1247 719 1281 751 p.
1303 716 1358 751 77,
1380 716 1426 742 20
1443 719 1471 743 s,
1490 716 1525 743 V.

115 765 288 810 »clipeus«
320 770 479 801 exstant:
512 777 639 810 »quare
657 776 677 796 ο
706 765 803 798 dubii
828 766 1000 799 sermonis
1023 766 1055 799 II
1079 766 1280 800 indistincto
1299 777 1429 810 genere
1455 767 1524 801 dici

110 826 169 867 ait,
196 827 259 860 sed
283 827 398 860 littera
425 826 571 866 differre,
601 832 639 860 ut
663 826 917 871 pugnatorium
942 838 1006 870 per
1022 826 1032 859 i
1050 827 1200 871 clipeum
1228 827 1398 867 dicamus,
1426 828 1524 872 quod

108 892 164 919 est
189 886 322 930 clipeus
347 885 421 920 ἀπὸ
446 892 512 921 τοῦ
535 887 714 925 κλέπτειν,
742 887 777 919 id
811 892 864 919 est
896 886 1019 925 celare,
1056 887 1180 926 dictus,
1217 887 1406 930 imaginem
1439 898 1525 921 vero

110 957 174 992 per
197 958 218 981 u
245 958 266 980 a
291 946 452 983 cluendo.
481 947 543 981 sed
569 946 659 981 haec
685 945 882 981 differentia
907 945 992 980 mihi
1022 946 1182 991 displicet
1199 951 1346 991 propter
1373 958 1528 982 commu·

111 1008 254 1040 nionem
282 1008 292 1040 i
318 1013 354 1041 et
379 1020 399 1041 u
426 1008 630 1041 litterarum.
658 1019 740 1041 nam
766 1013 801 1041 et
825 1008 1000 1040 maximus
1025 1012 1060 1040 et
1091 1018 1280 1040 maxumus
1304 1007 1452 1041 dicimus
1488 1014 1524 1042 et

107 1067 265 1112 optimus
282 1072 318 1101 et
336 1072 515 1112 optumus,
535 1079 600 1102 nec
617 1073 739 1101 tamen
757 1067 814 1101 illa
832 1067 1029 1101 differentia
1050 1067 1298 1103 secernimus«.
1349 1067 1529 1101 Fabricius

111 1127 194 1161 olim
221 1133 303 1162 ante
334 1129 450 1162 »dubii
477 1130 684 1169 sermonis‹,
712 1129 771 1163 ubi
805 1140 935 1162 nomen
959 1128 1102 1172 aliquod
1127 1128 1345 1161 intercidisse
1367 1128 1525 1173 adparet,

110 1187 283 1222 »Plinium
297 1189 523 1223 scribendum
539 1190 736 1233 proposuit,
754 1189 848 1223 idem
862 1199 946 1222 vero
962 1189 1068 1222 etiam
1084 1188 1238 1233 ›Caper‹
1256 1188 1416 1229 coniecit,
1433 1200 1475 1222 eo
1490 1194 1529 1224 ut

108 1249 245 1282 videtur
269 1249 381 1289 nixus,
410 1250 507 1293 quod
532 1250 565 1283 in
593 1250 697 1294 Capri
725 1250 769 1283 de
794 1249 1050 1294 orthographia
1066 1249 1184 1283 libello
1202 1249 1246 1285 K.
1265 1249 1333 1283 V11
1350 1261 1383 1294 p.
1403 1259 1460 1293 97,
1485 1259 1528 1293 14

108 1308 255 1351 legitur:
298 1309 469 1354 »clipeum
502 1308 643 1349 ἀσπίδα,
678 1310 842 1354 clupeum
874 1314 1123 1342 ornamentum
1157 1309 1286 1343 dices«.
1344 1309 1528 1348 Praeterea

103 1369 199 1414 apud
233 1369 394 1404 Servium
431 1370 465 1404 in
501 1370 590 1406 Aen.
627 1370 675 1404 IX
711 1379 780 1414 709
815 1369 931 1415 Caper
964 1370 1008 1403 de
1042 1369 1145 1415 clipei
1179 1380 1310 1414 genere
1343 1369 1528 1415 disputans

105 1430 290 1464 inducitur.
350 1431 424 1465 lam
457 1442 542 1465 vero
579 1431 695 1476 Caper
727 1431 840 1465 Plinio
873 1431 923 1464 uti
957 1431 1083 1475 potuit,
1120 1431 1165 1464 de
1198 1441 1280 1475 quo,
1317 1442 1397 1464 cum
1428 1431 1524 1466 dubii

104 1491 277 1524 sermonis
295 1491 373 1525 libri
391 1492 586 1532 laudentur,
616 1497 696 1526 ante
719 1492 806 1525 alios
824 1491 1056 1535 cogitandum
1075 1496 1138 1525 est.
1191 1491 1329 1525 Tamen
1347 1491 1522 1526 Schottm.

104 1562 139 1595 p.
165 1561 210 1595 43
239 1552 359 1587 adnot.
390 1558 578 1597 propterea
603 1553 670 1587 ista
693 1552 805 1587 verba
831 1563 852 1585 a
877 1552 990 1585 Plinio
1016 1551 1131 1586 aliena
1165 1563 1243 1586 esse
1280 1550 1392 1595 putat,
1427 1552 1525 1596 quod

107 1611 140 1643 in
166 1616 236 1644 nat.
264 1611 342 1644 hist.
374 1619 430 1654 35,
460 1622 491 1655 3,
519 1622 543 1653 4
566 1613 639 1656 (13)
665 1613 720 1645 illa
747 1612 908 1644 doctrina
933 1612 983 1644 sic
1008 1612 1237 1655 reprobatur:
1269 1613 1401 1645 »scutis
1428 1612 1524 1645 enim

103 1671 265 1715 qualibus
291 1672 386 1715 apud
413 1672 558 1706 Troiam
591 1678 790 1717 pugnatum
823 1677 877 1706 est
908 1671 1183 1706 continebantur
1214 1671 1394 1716 imagines,
1431 1671 1524 1706 unde

104 1736 139 1764 et
163 1743 293 1765 nomen
318 1732 475 1766 habuere
501 1733 706 1778 clipeorum,
734 1745 815 1773 non,
844 1738 883 1767 ut
908 1743 1076 1776 perversa
1102 1733 1418 1776 grammaticorum
1443 1732 1522 1766 sub-

101 1791 208 1826 tilitas
232 1792 353 1833 voluit,
381 1804 402 1827 a
427 1793 612 1828 cluendo‹.
664 1793 736 1829 Sed
770 1794 924 1840 primurn
950 1793 1085 1828 obverti
1120 1798 1241 1838 potest
1274 1793 1310 1828 in
1343 1798 1413 1829 nat.
1441 1793 1521 1829 hist.

103 1852 251 1887 Plinium
278 1855 420 1898 saepius
445 1866 466 1888 a
490 1856 562 1889 suis
580 1856 690 1900 ipsius
716 1856 846 1899 regulis
863 1855 1062 1894 descivisse,
1089 1855 1187 1899 quod
1205 1854 1388 1889 Detlefsen
1405 1855 1519 1898 symb.

105 1913 224 1957 philol.
265 1915 374 1948 Bonn.
408 1926 440 1960 p.
472 1916 542 1959 697
568 1927 645 1960 sqq.
685 1916 851 1951 ostendit.
903 1916 996 1949 Tum
1036 1926 1121 1949 vero
1158 1926 1203 1949 ne
1241 1920 1343 1951 certo
1381 1913 1525 1959 quidem

101 1974 231 2009 scimus
256 1987 341 2009 num
368 1976 502 2010 Charisi
528 1977 637 2011 verba
663 1982 758 2010 recte
783 1988 861 2011 sese
891 1976 1057 2011 habeant.
1107 1976 1197 2010 Fieri
1217 1974 1316 2010 'enim
1342 1981 1462 2021 potest
1487 1981 1527 2010 ut

102 2040 164 2069 aut
190 2037 407 2081 excerptoris
430 2042 492 2070 aut
516 2037 645 2071 librarii
672 2037 775 2082 culpa
800 2037 892 2070 Plini
918 2037 1081 2071 doctrina
1107 2048 1179 2071 non
1205 2037 1393 2080 diligenter
1418 2036 1527 2070 relata

103 2096 148 2129 sit
174 2107 289 2140 aeque
322 2102 430 2140 atque
461 2097 556 2136 alias,
582 2098 679 2132 velut
709 2105 786 2141 105,
812 2108 836 2139 4
867 2098 1038 2131 ›oscinis‹
1079 2097 1220 2131 conlata
1245 2107 1280 2140 p.
1314 2106 1390 2140 139,
1423 2106 1459 2130 11
1491 2102 1528 2131 et

102 2162 160 2198 95,
189 2165 245 2200 27,
275 2157 332 2190 ubi
361 2176 403 2180 ν-
430 2157 521 2192 conl.
555 2160 631 2197 128,
661 2165 705 2201 27
733 2178 780 2183 —
805 2157 975 2191 Varronis
1002 2157 1205 2200 exemplum
1242 2157 1413 2191 omissum
1439 2157 1527 2190 eius-

103 2226 172 2260 que
203 2216 284 2251 loco
315 2216 585 2252 Ciceronianum
618 2223 804 2263 receptum
839 2222 901 2251 est.
957 2216 1077 2261 Quare
1109 2221 1231 2251 nostro
1265 2217 1345 2251 loco
1380 2216 1529 2251 sortasse

102 2287 145 2309 ea
178 2277 338 2311 doctrina
371 2276 462 2322 quae
497 2279 596 2312 initio
628 2278 780 2312 traditur
815 2289 836 2311 a
868 2278 979 2310 Plinio
1007 2298 1052 2303 —
1084 2278 1176 2310 sicut
1209 2278 1243 2310 in
1277 2283 1347 2311 nat.
1373 2277 1452 2311 hist.
1483 2298 1529 2304 —

102 2342 381 2377 conmemorata,
411 2350 483 2372 non
509 2338 731 2383 conprobata
756 2343 810 2371 est
828 2338 973 2381 eiusque
1000 2337 1167 2370 iudicium
1186 2337 1355 2381 deinceps
1381 2348 1530 2382 sequen-

102 2397 197 2432 tibus
227 2399 311 2433 ›sed
337 2399 425 2433 haec
451 2399 695 2435 differentia..
711 2413 741 2435 ,ι
770 2398 978 2432 continetur.
1032 2397 1138 2432 Certe
1173 2398 1302 2432 horum
1336 2410 1419 2433 cum
1444 2399 1532 2441 Plini

101 2465 169 2493 nat.
209 2459 291 2494 hist.
332 2472 526 2496 consensus
564 2459 869 2503 animadversione
907 2459 1035 2506 dignus
1061 2465 1125 2502 est,
1166 2470 1238 2507 quo
1264 2460 1407 2496 adcedit
1433 2461 1531 2509 quod
