1751 2750
852 152 896 205 38

168 272 286 326 »quod
313 274 429 326 Caper
456 277 612 315 ostendit
638 279 684 314 de
710 279 828 314 dubiis
853 280 1066 325 generibus«
1094 285 1138 320 et,
1169 277 1197 313 si
1224 276 1370 325 quidem
1397 286 1432 315 et
1456 276 1504 314 ad
1527 275 1603 315 Ca·-

164 353 268 387 prum
293 346 329 376 et
353 341 399 376 ad
417 342 579 376 Probum
605 341 682 375 libri
702 341 884 386 inscriptio
901 341 1064 386 pertinet,
1093 352 1127 385 p.
1160 349 1236 384 171,
1261 350 1323 388 14,
1341 352 1449 386 quern
1474 340 1592 375 locum

164 403 275 437 modo
301 403 449 437 exhibui
463 403 501 447 ¹).
553 402 609 436 De
636 402 777 437 duobus
804 402 855 437 eis
882 402 1005 437 libellis
1029 401 1159 447 quibus
1185 401 1293 446 Capri
1328 413 1459 437 nomen
1495 412 1593 448 prae-

163 463 276 497 fixum
304 469 358 497 est
395 464 462 497 »de
497 462 777 508 orthographia«
814 468 851 497 et
888 464 954 497 »de
986 463 1104 496 dubiis
1136 463 1274 496 verbis«
1315 463 1380 496 viri
1411 463 1518 502 docti,
1559 462 1593 496 in

164 524 295 568 quibus
322 523 468 563 Keilius,
497 529 593 558 recte
629 528 853 558 censuerunt.
907 523 1079 557 Probatur
1112 523 1208 557 enim
1240 523 1366 563 ceteris
1398 524 1443 557 de
1477 522 1595 567 Capro

164 584 376 618 testimoniis
402 583 562 623 conlatis,
593 584 620 617 si
648 584 763 617 minus
791 584 912 617 omnia
939 604 984 609 -—
1009 594 1091 617 nam
1118 583 1285 617 nonnulla
1319 583 1504 618 recentiori
1539 583 1595 616 de-

165 655 265 678 mum
291 644 397 678 aetati
422 649 663 686 consentanea
697 655 777 677 esse
817 644 932 677 elucet
962 664 1003 669 —
1043 649 1080 677 at
1117 649 1212 677 certe
1250 654 1418 688 magnam
1456 648 1595 688 partem

166 705 460 739 observationum
499 704 547 738 ibi
583 709 833 748 congestarum
868 715 951 738 vere
977 703 1096 749 Capro
1128 704 1261 740 deberi.
1313 703 1452 748 Quodsi
1478 692 1597 738 Christ

165 765 198 809 (l.
226 765 245 799 l.
275 777 309 809 p.
340 765 421 809 168)
448 765 603 809 priorem
638 764 794 798 libellum
829 771 1039 809 excerptum
1073 776 1152 799 esse
1179 770 1282 810 putat
1316 776 1336 798 e
1371 764 1478 807 Capri
1505 763 1595 797 libro

166 826 211 859 de
236 825 356 869 lingua
381 824 521 864 Latina,
549 824 699 858 alterum
726 836 772 858 ex
795 825 953 858 eiusdem
980 824 1025 859 de
1051 826 1168 858 dubiis
1195 825 1394 868 generibus,
1431 825 1466 858 id
1502 824 1596 857 nullo

167 886 277 919 modo
302 891 396 919 stare
419 890 550 929 potest.
604 884 767 929 Namque
803 890 841 918 ut
877 885 911 918 in
946 885 1015 918 hoc
1054 896 1124 918 non
1169 886 1213 918 de
1250 884 1367 918 dubiis
1405 885 1596 929 generibus

167 946 394 980 solummodo
420 946 550 990 agitur,
577 945 640 979 sed
665 946 773 979 etiam
811 945 899 980 aliae
925 945 1153 990 quaestiones
1191 945 1445 990 disceptantur,
1479 945 1527 978 ita
1562 945 1597 978 in

167 1006 225 1040 illo
253 1007 368 1040 inesse
394 1006 556 1040 videmus
583 1017 675 1050 quae
704 1006 847 1040 conlato
873 1006 1051 1039 Prisciano
1078 1017 1123 1038 ex
1150 1006 1241 1039 libro
1280 1006 1325 1039 de
1363 1006 1478 1039 dubiis
1538 1016 1595 1049 ge-

169 1067 313 1100 neribus
340 1066 468 1099 hausta
494 1077 572 1099 esse
599 1071 806 1109 arguantur,
835 1066 930 1099 velut

343 1139 377 1173 p.
404 1134 462 1171 95,
492 1136 511 1160 2
542 1127 600 1172 (K.
630 1127 704 1172 Vll)
730 1137 885 1173 »pauper
909 1127 960 1159 vir
986 1132 1021 1160 et
1047 1127 1170 1160 mulier
1196 1127 1397 1167 dicendum,
1426 1138 1497 1160 non
1516 1138 1597 1172 pau-

407 1198 492 1232 pera
518 1187 663 1220 mulier«
695 1200 740 1219 z
769 1187 874 1220 Prisc.
910 1194 985 1229 152,
1015 1188 1044 1221 8.

347 1260 379 1294 p.
417 1256 494 1287 100,
529 1255 568 1291 15
602 1243 740 1281 »buxus
767 1247 872 1281 arbor
899 1253 962 1287 est,
991 1247 1127 1281 buxum
1158 1252 1279 1281 autem
1319 1247 1467 1281 materia
1498 1247 1595 1293 ipsa«

407 1321 450 1340 z
481 1308 588 1341 Prisc.
623 1315 699 1349 142,
733 1316 785 1349 14.

344 1368 389 1414 (p.
423 1377 500 1409 101,
536 1369 576 1402 18
607 1373 738 1404 »rete«.
791 1368 846 1402 De
873 1368 939 1402 hac
967 1380 1054 1403 voce
1081 1367 1196 1414 Caper
1234 1368 1440 1403 disseruisse
1473 1368 1600 1403 dicitur

406 1441 462 1475 ap.
491 1430 596 1465 Prisc.
628 1439 704 1473 171,
735 1438 766 1473 7.
802 1439 852 1472 14.

349 1502 382 1535 p.
417 1498 493 1529 100,
529 1490 570 1523 16
597 1489 642 1522 de
671 1489 807 1523 ›malo‹
838 1490 932 1523 idem
958 1489 1051 1523 valet
1076 1490 1166 1524 conl.
1194 1490 1246 1523 Pr.
1280 1499 1355 1532 142,
1389 1491 1457 1535 11.)

290 1550 330 1583 In
356 1551 481 1594 quinto
509 1550 602 1583 enim
629 1549 720 1583 libro
745 1550 940 1583 Priscianus
966 1551 1097 1595 scripto
1131 1550 1176 1584 de
1202 1551 1318 1584 dubiis
1344 1550 1535 1595 generibus
1559 1561 1598 1584 se

178 1622 279 1645 usum
308 1622 387 1644 esse
413 1623 447 1656 p.
481 1619 557 1653 171,
592 1619 635 1652 14
662 1610 757 1644 dicit.
809 1610 898 1644 Item
932 1611 976 1644 de
1011 1611 1201 1655 generibus
1233 1611 1432 1656 disputatur
1464 1610 1508 1644 K.
1534 1611 1600 1644 V11

176 1683 210 1716 p.
244 1680 320 1710 101,
355 1679 406 1703 12.
440 1679 515 1711 104,
551 1680 603 1714 19.
1497 1680 1499 1682 ·

291 1729 381 1764 Cum
406 1729 525 1775 Capro
552 1730 647 1776 apud
674 1730 892 1764 Priscianum
917 1730 1094 1764 interdum
1122 1742 1191 1764 una
1218 1736 1506 1765 conmemoratur
1522 1731 1600 1765 Pro-

172 1791 241 1825 bus
266 1791 322 1825 vel
346 1790 474 1825 Plinius
500 1791 556 1825 vel
581 1797 740 1836 uterque.
793 1791 933 1835 Quibus
968 1791 1053 1825 locis
1085 1803 1166 1825 cum
1199 1803 1393 1836 numquam
1427 1803 1498 1826 non
1524 1803 1599 1836 ger-

173 1862 300 1886 manus
333 1851 482 1891 Probus,
511 1852 530 1886 i.
557 1863 585 1885 e.
621 1852 795 1897 Berytius,
832 1852 1090 1896 intellegendus
1124 1852 1179 1890 sit.
1218 1853 1288 1886 iam
1322 1852 1430 1887 Hertz
1464 1852 1601 1898 (adnot.

172 1913 219 1946 ad
245 1913 349 1947 Prisc.
381 1920 458 1955 171,
491 1914 545 1955 14)
572 1919 667 1946 recte
694 1913 847 1946 coniecit
871 1913 990 1946 Valeri
1016 1913 1120 1946 Probi
1147 1914 1255 1947 libros
1281 1924 1302 1947 a
1326 1913 1504 1947 Prisciano
1529 1924 1600 1947 non
1659 1932 1662 1942 ι

173 1983 251 2006 esse
291 1977 491 2016 usurpatos,
519 1973 583 2006 sed
622 1974 864 2017 cognitionem
902 1984 1026 2007 eorum
1054 1984 1074 2006 e
1101 1973 1208 2017 Capri
1247 1974 1386 2019 scriptis
1425 1985 1597 2008 manasse.

171 2033 219 2066 Et
250 2033 436 2066 Romanus
469 2043 552 2066 sane
588 2044 645 2078 ap.
679 2033 783 2070 Char.
823 2036 899 2074 118,
934 2044 945 2067 1
977 2034 1132 2078 Captum
1167 2034 1311 2069 Valerio
1342 2034 1460 2068 Probo
1499 2045 1600 2068 usum

172 2105 250 2127 esse
289 2098 449 2126 testatur.
504 2093 676 2136 Idemque
709 2094 858 2137 Steupio
902 2096 967 2128 »de
997 2095 1121 2129 Probis
1161 2095 1421 2139 grammaticis«
1457 2106 1491 2140 p.
1517 2102 1600 2138 '190

171 2165 251 2199 sqq.
283 2153 428 2197 placuit.
481 2154 557 2188 Nec
595 2165 697 2188 secus
736 2154 821 2188 Plini
858 2155 1020 2189 notitiam
1061 2156 1239 2202 plerisque
1277 2160 1374 2189 certe
1412 2155 1498 2189 locis
1536 2166 1601 2199 per

294 2255 313 2292 ¹)
336 2256 442 2282 Dubito
463 2264 529 2282 num
551 2257 665 2282 omnino
686 2255 791 2283 Probus
814 2257 865 2283 »de
895 2256 985 2283 dubiis
1015 2258 1176 2292 generibus·
1211 2258 1441 2293 peculiarem
1466 2257 1599 2285 librum

172 2306 356 2341 conposuerit,
378 2307 538 2341 praesertim
559 2315 622 2333 cum
644 2307 678 2333 de
700 2307 780 2333 Probi
809 2308 878 2334 libro
906 2309 944 2334 sic
975 2308 1245 2343 inscripto'aliunde
1273 2308 1340 2335 nihil
1367 2313 1472 2334 constet
1499 2312 1525 2334 et
1545 2305 1600 2334 Pri·

171 2357 279 2383 scianus
303 2356 369 2383 alibi
390 2357 573 2391 genuinorum
595 2358 675 2384 Probi
697 2358 876 2393 scriptorum,
899 2367 969 2396 quae
990 2358 1017 2384 in
1051 2359 1178 2385 manibus
1208 2368 1263 2385 non
1295 2359 1432 2392 habuerit,
1464 2367 1600 2393 nusquam

171 2407 264 2434 titulos
285 2407 392 2443 prodat.
435 2407 559 2435 Tametsi
580 2408 665 2445 Steup
687 2409 806 2436 Probum
827 2418 910 2445 quem
932 2409 1011 2445 fingit
1031 2410 1165 2437 minorem
1182 2408 1233 2447 (11)
1253 2410 1304 2436 »de
1324 2409 1414 2437 dubiis
1435 2409 1596 2445 generibus«

171 2458 315 2493 peculiare
337 2458 466 2485 volumen
488 2459 626 2494 scripsisse
648 2461 701 2486 hoc
721 2460 783 2487 loco
805 2461 888 2488 fretus
908 2462 1044 2488 existimat
1065 2460 1103 2497 (p,
1134 2460 1208 2498 193).
