1751 2750
844 182 886 210 10

145 294 261 324 sertos
286 289 414 324 merito
441 289 663 324 arbitrantur.
717 292 811 326 Nam
838 293 932 327 idern
958 288 1136 327 Charisius
1154 299 1299 333 prorsus
1317 286 1444 322 eodem
1464 288 1575 322 modo
1604 318 1607 320 .

146 351 197 384 eis
221 361 312 395 quae
338 350 487 384 fortasse
511 362 532 384 a
558 350 769 386 Cominiano
796 353 995 398 desumpsit
1021 363 1055 396 p.
1090 359 1203 392 114,1.
1232 351 1276 383 28
1307 349 1360 395 (cf.
1396 346 1573 384 Schottm.

149 422 184 456 p.
214 412 273 456 25)
300 411 476 456 quaedam
509 423 529 446 a
562 412 730 447 Romano
765 413 981 459 deprompta
1014 412 1139 447 adsuit.
1194 411 1288 445 Tum
1312 421 1398 445 vero
1422 409 1576 444 Romani

149 472 183 505 in
210 483 239 508 c.
267 472 333 507 XV
363 473 711 507 conmemorationes
738 485 808 508 non
836 475 950 508 ausim
977 473 1179 508 abiudicare
1205 472 1254 505 ab
1270 483 1314 505 eo
1340 471 1400 516 qui
1426 482 1461 516 p.
1494 477 1571 513 51,5

148 533 248 567 dicit:
282 533 440 577 »plenius
467 538 589 568 autern
616 534 660 568 de
687 534 852 579 analogia
879 535 912 569 in
945 534 1177 580 sequentibus
1197 534 1401 575 Romanurn
1426 531 1575 565 disseru-

148 594 217 628 isse
250 594 440 628 invenies.‹
512 595 617 628 Hunc
667 600 786 628 autem
834 595 1033 630 Charisium
1068 606 1146 629 esse
1181 606 1252 628 non
1288 594 1396 627 modo
1433 604 1498 638 per
1537 604 1574 626 se

148 654 373 698 intellegitur,
400 655 463 688 sed
490 655 634 698 insuper
660 666 703 688 eo
742 656 949 695 ostenditur,
985 656 1083 700 quod
1119 655 1325 694 Diomedes,
1363 654 1421 699 qui
1457 658 1575 687 cetera

148 715 286 760 repetit,
314 715 383 749 hoc
411 716 595 749 enuntiato
623 728 657 760 p.
685 725 818 759 439,22
846 721 954 752 caret.

266 775 341 808 Iam
367 775 633 809 consideremus
661 776 794 820 reliqua
819 776 1027 820 antiquioris
1046 776 1229 809 doctrinae
1255 775 1464 819 fragmenta,
1483 785 1574 818 quae

148 836 315 870 Romano
333 836 456 870 deberi
480 836 664 870 adsevero.
709 836 790 881 Qua
816 837 850 870 in
877 848 913 871 re
938 836 1106 870 nimirum
1132 835 1429 881 proficiscendum
1457 839 1510 869 est
1528 835 1575 869 ab

149 897 198 930 eis
224 908 254 932 c.
286 896 356 930 XV
380 902 417 930 et
452 908 481 931 c.
517 897 618 930 XVII
649 897 757 930 titulis
793 898 853 941 qui
880 902 954 931 tam
985 897 1116 930 similes
1150 897 1219 929 sint
1257 901 1295 929 ut
1322 896 1575 939 cognationem

148 956 328 1001 quandam
353 956 557 990 interiorem
582 957 799 991 intercedere
835 968 980 991 necesse
1015 957 1068 990 sit.
1121 956 1349 991 Inveniuntur
1385 960 1508 989 autem
1542 956 1577 989 in

149 1018 214 1052 illis
238 1029 330 1063 quae
360 1018 552 1052 concinunt
591 1017 749 1063 inprimis
776 1018 1004 1054 Pliniana:
1033 1017 1141 1060 64‚26
1172 1013 1216 1051 'z
1247 1026 1325 1062 144,
1361 1026 1407 1061 30
1433 1017 1575 1057 Turbo,

152 1085 232 1123 55‚4
258 1091 302 1112 z
336 1079 413 1122 138,
447 1079 487 1111 18
515 1089 605 1117 osse,
636 1087 742 1122 73‚12
771 1092 815 1111 z
855 1086 956 1121 125,3
993 1078 1198 1124 compluria,
1235 1085 1342 1121 95,22
1371 1091 1414 1111 z
1447 1079 1574 1121 128,27

149 1139 236 1174 ficos
260 1139 374 1183 fagos,
410 1148 512 1182 100,9
540 1152 584 1172 z
618 1141 720 1184 123,8
748 1139 887 1180 Arabis,
921 1147 1025 1183 105,4
1050 1154 1108 1167 Ξ
1139 1148 1260 1182 139,11
1292 1139 1430 1179 oscinis,
1474 1139 1576 1183 107,6

126 1219 207 1232 ,Ξ
236 1201 361 1243 136,22
388 1200 508 1243 mugil,
543 1209 646 1243 107,9
671 1218 728 1231 z
760 1202 861 1239 120,8
889 1200 1072 1243 Augustas
1100 1200 1212 1233 Maias
1237 1199 1429 1244 (Sisenna)3
1465 1199 1532 1232 alia
1556 1210 1578 1233 a

149 1261 301 1306 Capro
321 1261 531 1305 desumpta:
559 1261 668 1303 63‚26
694 1278 751 1292 z
783 1269 910 1304 117,24
936 1260 1087 1300 Allecto,
1108 1260 1217 1304 65,29
1243 1279 1300 1292 Σ
1323 1267 1446 1303 ι45,23
1469 1265 1573 1295 testu.

151 1322 328 1356 Scauro
355 1321 508 1355 debetur
534 1323 641 1363 91,18
668 1321 1577 1364 qlleszl33,3im3AC1‘0ni657161119,20

149 1383 286 1418 ambos.
340 1381 441 1416 Haec
465 1393 550 1416 vero
583 1385 619 1415 et
653 1381 786 1426 reliqua
819 1382 853 1415 in
880 1381 970 1415 libro
1004 1381 1049 1415 de
1085 1380 1248 1426 analogia
1279 1392 1300 1415 a
1333 1381 1498 1415 Romano
1529 1392 1576 1414 ex

150 1445 249 1479 fonte
275 1444 333 1478 illo
360 1444 444 1478 ficto
470 1444 682 1487 transcripta
721 1447 824 1485 putat
860 1442 1047 1476 Morawski
1092 1449 1128 1476 et
1173 1442 1349 1480 sententia
1380 1453 1445 1475 sua
1481 1453 1577 1487 prae-

152 1510 259 1550 cepta
282 1516 369 1538 sane
385 1509 530 1538 coactus
550 1515 594 1537 eo
612 1514 724 1547 usque
744 1504 973 1547 progreditur
986 1503 1019 1548 (l.
1039 1503 1057 1536 l.
1076 1514 1110 1546 p.
1131 1504 1215 1547 345)
1235 1508 1274 1536 ut
1300 1503 1371 1536 iam
1397 1508 1580 1536 auctorem

153 1566 253 1600 illum
280 1576 496 1600 conmunem
516 1564 639 1599 titulos
665 1564 845 1598 literarum
879 1565 1002 1599 ordine
1030 1564 1220 1609 digessisse
1255 1563 1451 1598 arbitretur.
1507 1563 1580 1599 Sed

153 1632 230 1661 tum
256 1627 439 1660 Romanus
465 1625 666 1668 conpilator
692 1637 763 1659 non
789 1625 913 1658 melior
945 1625 1068 1659 suisset
1100 1635 1208 1669 quarn
1245 1624 1436 1659 Charisius.
1496 1624 1579 1668 Qua

154 1687 198 1721 de
237 1697 344 1720 causa
385 1697 478 1730 opus
513 1691 566 1719 est
605 1685 806 1729 diligentius
845 1695 1014 1729 quaerere
1053 1695 1208 1729 quonam
1248 1684 1358 1718 modo
1395 1685 1580 1718 Romanus

154 1747 398 1781 lucubraverit.

272 1807 380 1852 Quod
418 1807 463 1840 ad
509 1806 730 1840 Plinium
776 1806 913 1840 adtinet
930 1833 937 1845 ,
986 1806 1142 1850 quisquis
1186 1817 1216 1841 c.
1264 1805 1360 1840 XVlI
1409 1805 1581 1839 curiosius

154 1869 422 1914 introspexerit,
458 1868 556 1903 dubii
592 1867 764 1901 sermonis
790 1866 899 1901 libros
925 1867 1090 1901 Romano
1116 1867 1161 1901 ad
1188 1877 1333 1901 manum
1360 1866 1466 1901 fuisse
1497 1878 1579 1911 cog-

154 1934 289 1964 noscet.
341 1930 398 1963 Ex
436 1930 565 1974 quibus
603 1928 681 1972 plus
719 1928 807 1961 duas
846 1933 966 1972 partes
1005 1932 1187 1961 mutuatus
1226 1932 1298 1967 est,
1340 1928 1388 1961 ita
1426 1932 1465 1960 ut
1489 1932 1579 1961 cete-

154 2001 274 2025 rorum
301 1994 485 2023 auctorum
513 1988 658 2023 frustula
694 1999 780 2033 prae
814 1988 982 2022 Plinianis
1009 1999 1121 2033 prope
1160 1993 1385 2023 evanescant.
1436 1988 1580 2033 Ubique

153 2055 273 2084 autem
301 2050 373 2083 fere
398 2050 475 2094 ipsa
500 2050 585 2082 Plini
611 2050 721 2083 verba
746 2049 821 2082 libri
850 2049 926 2094 (VI)
963 2060 1111 2082 numero
1142 2060 1250 2093 saepe
1282 2049 1404 2082 addito
1438 2048 1578 2082 laudan-

154 2116 210 2145 tur
236 2115 281 2151 et,
310 2110 408 2154 quod
433 2121 542 2154 grave
567 2115 630 2150 est,
661 2120 931 2154 nonnumquam
965 2109 1134 2154 conplura
1170 2109 1326 2143 Pliniana
1360 2108 1470 2153 (idem
1507 2108 1580 2144 fere

155 2172 368 2217 spectantia)
395 2183 466 2205 uno
490 2177 616 2205 tenore
641 2182 680 2204 se
705 2171 897 2214 excipiunt,
924 2171 1021 2204 velut
1053 2182 1088 2214 p.
1120 2172 1185 2204 118
1220 2170 1392 2204 amicities
1417 2170 1580 2205 Amazon

155 2231 338 2267 autumnal
364 2231 554 2276 aqualium‚
593 2242 627 2276 p.
661 2239 728 2264 120
754 2229 895 2264 aestifer
921 2230 1106 2274 Augustas
1130 2230 1243 2264 aedile
1271 2231 1326 2264 avi
1354 2232 1400 2276 (v,
1428 2230 1515 2264 infra
1542 2243 1574 2276 p.

159 2295 218 2336 19)
243 2292 334 2336 agile
361 2292 498 2326 annalei
525 2297 676 2336 agreste,
711 2303 743 2336 p.
779 2301 843 2325 122
870 2291 1005 2325 Aurelii
1031 2302 1156 2325 amans
1188 2290 1343 2335 aplustre
1368 2303 1408 2325 ar
1439 2289 1502 2317 —'
1522 2292 1578 2325 avi

156 2353 252 2387 amni
280 2352 491 2396 aenigmatis
518 2352 659 2388 Arabis.
686 2363 719 2396 p.
754 2360 820 2393 129
847 2350 955 2384 fretus
982 2350 1120 2385 fabrum
1146 2351 1286 2385 filiabus
1305 2351 1431 2385 febrim
1453 2351 1580 2385 fonteis

156 2413 267 2448 funes.
320 2412 583 2448 Conferendum
621 2424 766 2458 quoque
792 2417 846 2447 est
878 2412 976 2457 quod
1012 2411 1186 2448 Schottm.
1226 2424 1259 2457 p.
1303 2421 1349 2456 34
1381 2412 1582 2447 observavit

156 2475 222 2508 sub
246 2474 345 2508 litera
369 2484 391 2507 a
419 2474 579 2506 ordinem
607 2474 651 2506 ad
678 2484 782 2506 casus
808 2473 1006 2506 institutum
1038 2473 1282 2510 animadverti,
1326 2478 1364 2506 ut
1397 2474 1581 2507 Romanus
