1751 2750
866 191 913 225 4²

413 299 593 340 Latina,
620 310 693 334 non
710 300 755 335 de
780 300 898 335 dubiis
922 298 1146 345 generibus«.
1175 320 1214 325 --
1242 285 1379 334 Eadem
1415 298 1486 334 fere
1511 298 1608 345 apud

419 360 586 405 Sergium
611 361 656 395 K.
685 361 736 395 IV
762 362 844 405 496,
876 368 907 405 5.

359 434 391 467 p.
421 429 502 465 270,
528 430 553 463 4
579 433 623 453 z
654 420 759 456 Prisc.
793 422 872 465 163,
898 431 938 456 21
980 432 1120 465 ›pecus,
1149 420 1246 465 quod
1280 420 1488 455 femininum
1519 420 1609 456 haec

408 492 518 527 pecus
544 476 691 527 'pecudis
718 482 915 517 declinatur
939 487 1031 517 teste
1058 481 1225 527 Capro,
1260 487 1425 516 neutrum
1450 481 1522 517 hoc
1548 481 1606 528 pe-

407 553 469 575 cus
508 543 679 587 pecorisae.
745 542 817 586 (Sic
856 542 1148 587 distinguendum
1182 546 1254 578 est:
1303 552 1384 575 nam
1418 546 1608 588 utramque

411 602 564 638 formam
591 602 746 649 Captum
770 614 916 638 necesse
941 608 996 638 est
1019 603 1259 648 adgnovisse.)

291 675 431 709 Deinde
459 676 494 708 id
522 675 619 718 quod
645 675 813 709 contendi
839 675 884 708 de
903 675 1046 719 reliquis
1072 685 1217 721 quoque
1242 675 1380 718 optime
1408 674 1606 709 constabili-

173 740 231 770 tur
259 735 516 770 observatione
539 736 712 781 quadarn,
741 747 849 781 quam
875 736 921 770 ad
948 735 1056 782 Capri
1082 735 1191 770 libros
1215 735 1488 781 cognoscendos
1512 735 1608 770 haud

174 796 265 829 levis
291 807 372 830 esse
401 797 573 830 momenti
600 797 718 830 credo.
770 796 865 829 Nam
895 796 1069 839 insignem
1095 796 1130 829 in
1156 795 1306 829 modum
1332 795 1352 829 l.
1380 795 1431 829 VI
1454 795 1609 829 concinit

180 866 261 890 cum
289 856 407 901 priore
433 856 510 890 libri
537 856 572 890 V
595 861 715 901 parte,
752 867 843 901 quae
867 856 912 890 de
945 855 1135 900 generibus
1168 855 1244 900 agit
1269 860 1305 890 et
1331 866 1351 890 e
1378 854 1485 901 Capri
1510 854 1607 890 libris

175 917 220 950 de
254 917 370 951 dubiis
406 917 597 961 generibus
631 917 760 951 hausta
794 921 848 951 est
881 916 935 961 (cf.
970 927 1004 960 p.
1038 924 1115 961 171,
1150 917 1212 961 14).
1266 916 1322 950 Ac
1355 915 1519 961 profecto
1557 916 1609 951 eis

176 977 355 1022 exceptis,
383 989 476 1022 quae
510 983 572 1011 aut
606 978 652 1011 ab
684 978 763 1022 ipso
789 977 968 1010 Prisciano
1000 976 1123 1010 addita
1155 981 1218 1010 aut
1250 976 1296 1010 ab
1323 976 1518 1021 Apollonio
1552 976 1609 1011 vel

177 1037 386 1071 Herodiano
412 1042 473 1071 aut
500 1049 520 1070 a
546 1037 707 1071 Charisio
727 1036 851 1071 Servio
869 1037 987 1071 Nonio
1014 1036 1090 1070 aliis
1115 1037 1228 1081 petita
1253 1042 1346 1078 sunt,
1375 1037 1465 1071 inter
1490 1042 1608 1072 cetera

176 1103 276 1132 tanta
301 1097 496 1131 similitudo
523 1103 558 1131 et
585 1103 658 1131 tam
685 1103 763 1131 arta
789 1097 959 1140 cognatio
986 1097 1189 1137 intercedit.
1226 1102 1265 1131 ut
1303 1098 1426 1142 utique
1461 1109 1607 1132 necesse

177 1157 223 1190 sit
248 1162 407 1191 statuere
432 1157 466 1189 in
491 1157 542 1190 VI
569 1156 588 1189 l.
616 1157 857 1201 conponendo
892 1157 1053 1206 eiusdem
1079 1156 1185 1201 Capri
1220 1157 1373 1191 eundem
1408 1157 1536 1191 librum
1561 1158 1607 1191 de

176 1217 292 1251 dubiis
327 1217 537 1262 generibus.
577 1217 624 1251 ad
660 1227 768 1262 quem
806 1217 842 1251 in
880 1216 914 1250 V
947 1216 966 1251 l.
1001 1216 1221 1262 relegamur,
1261 1228 1339 1252 esse
1378 1217 1608 1263 exscriptum,

176 1278 320 1312 Etenim
348 1289 419 1313 non
451 1278 566 1313 solum
594 1277 760 1323 exempla
794 1282 1056 1323 praeceptaque
1080 1277 1176 1312 haud
1210 1289 1289 1312 raro
1320 1279 1450 1313 eodem
1483 1279 1608 1313 ordine

179 1339 318 1383 digesta
344 1343 564 1383 repetuntur,
592 1338 657 1372 sed
675 1338 783 1372 etiam
809 1338 936 1372 eadem
955 1338 1155 1381 conpluries
1174 1338 1386 1383 scriptorum
1404 1340 1608 1374 testimonia

178 1399 393 1433 adhibentur
419 1399 527 1444 idque
552 1399 611 1440 ita,
641 1403 679 1433 ut
705 1398 816 1433 modo
843 1398 877 1433 in
895 1398 946 1433 VI
964 1398 1075 1433 modo
1103 1399 1136 1434 in
1153 1399 1189 1434 V
1213 1399 1303 1434 libro
1327 1399 1428 1446 plura
1453 1405 1605 1436 exstent.

180 1462 306 1505 Itaque
332 1461 555 1505 argumentis
574 1472 669 1504 quae
687 1460 796 1494 adtuli
814 1461 1015 1504 conparatis
1033 1466 1135 1494 extra
1166 1461 1427 1495 dubitationem
1444 1463 1602 1506 positum

180 1532 258 1553 esse
292 1521 442 1553 arbitror
475 1521 668 1553 maximam
704 1519 781 1552 libri
812 1520 862 1553 VI
896 1524 1036 1564 partem
1062 1530 1082 1552 e
1109 1519 1214 1563 Capri
1240 1520 1330 1554 libro
1368 1521 1420 1554 de
1455 1520 1606 1555 dubiis

181 1580 427 1624 generibus
467 1580 698 1624 profluxisse:
739 1580 798 1624 qui
836 1579 924 1614 liber
962 1591 998 1614 re
1037 1592 1123 1614 vera
1163 1591 1196 1624 p.
1234 1590 1322 1621 212,
1356 1589 1394 1625 15
1433 1569 1604 1616 laudatur.

178 1641 296 1674 Pauca
334 1652 354 1673 e
394 1640 483 1673 libro
516 1641 562 1673 de
598 1640 794 1673 Latinitate
829 1652 854 1672 s.
896 1640 1069 1673 enucleati
1110 1640 1285 1673 sermonis
1320 1641 1471 1675 admista
1510 1647 1604 1681 sunt,

180 1700 277 1734 velut
304 1712 338 1746 p.
367 1701 457 1744 238,
492 1708 531 1743 15
564 1699 744 1741 »femen«,
776 1708 855 1743 243,
889 1708 928 1733 12
963 1699 1097 1734 ›fame‹
1128 1701 1174 1746 (v.
1202 1700 1334 1746 supra).

296 1773 371 1806 Iam
403 1772 489 1806 mihi
525 1772 629 1806 liceat
662 1773 886 1806 conscribere
920 1773 1106 1817 potissima
1140 1784 1264 1806 eorum
1303 1793 1349 1797 —
1376 1774 1498 1807 omnia
1525 1785 1606 1808 enu-

178 1843 317 1865 merare
342 1843 413 1865 non
439 1843 531 1876 opus
558 1837 612 1865 est
639 1852 685 1856 -—
710 1843 802 1877 quae
828 1838 1040 1867 concentum
1059 1832 1156 1866 illum
1183 1842 1267 1876 prae
1295 1843 1333 1866 se
1360 1832 1485 1867 ferunt.
1530 1833 1603 1869 Sed

177 1893 279 1927 locos
305 1897 444 1927 tantum
470 1893 624 1927 indicare
646 1904 805 1938 possum.

295 1975 330 2008 p.
355 1964 483 2006 143‚16
508 1964 617 1997 Turia
643 1976 688 1997 z:
717 1973 804 2004 201,
838 1966 878 1999 18
918 1965 1084 2010 (utroque
1122 1964 1203 1999 loco
1240 1964 1335 1999 idern
1373 1965 1599 2001 Sallusti

512 2024 744 2069 exemplum)2

358 2103 434 2139 145,
462 2106 486 2138 4
511 2107 542 2137 a,
570 2096 605 2135 h,
631 2096 654 2129 k
681 2109 726 2129 :z
755 2105 834 2136 201,
862 2097 885 2130 6

358 2165 484 2199 145-,13
514 2158 523 2190 i
551 2170 595 2189 z
624 2166 706 2198 204,
740 2167 777 2190 11

358 2216 486 2259 145,16
513 2228 536 2250 o
563 2230 606 2250 z
637 2224 718 2260 205,
747 2226 790 2261 23

356 2295 485 2331 145,2o
510 2300 587 2333 sqq.
641 2288 841 2391 Carthago}
861 2311 941 2351 206,
959 2320 990 2347 2.
1012 2319 1030 2353 3
1080 2291 1169 2324 ordo
1233 2290 1313 2331 206,
1347 2301 1388 2335 14

636 2349 790 2384 dulcedo
1078 2351 1188 2386 cardo
1231 2353 1312 2393 206,
1345 2361 1388 2387 10

633 2411 766 2457 cupido
859 2413 991 2451 208,10
1078 2423 1204 2456 margo
1231 2415 1312 2456 208,
1344 2422 1383 2447 12

790 2474 797 2478 '
1082 2473 1192 2518 (idem
1219 2473 1381 2519 Statii)
