1751 2750
813 164 853 200 17

493 277 549 315 81,
578 276 623 309 28
675 286 756 309 cum
809 283 888 318 207,
918 284 964 317 24
1013 274 1141 308 nudius
1167 274 1303 314 tertius,

493 337 550 376 81,
579 345 626 380 30
675 348 757 371 cum
808 344 890 380 215,
923 345 963 380 15
1015 335 1195 383 perendie,

470 406 545 436 101,
603 407 615 430 1
669 409 751 431 cum
803 407 882 440 204,
912 407 956 432 22
1007 398 1114 442 large,

472 466 547 500 109,
580 466 623 491 ιο
672 469 755 492 cum
806 467 886 498 211,
916 467 960 502 27
1012 457 1119 503 plure.

231 540 332 589 Haec
363 541 438 574 sine
472 540 581 574 dubio
612 551 632 574 e
666 541 819 575 Romani
855 542 899 575 de
932 541 1102 581 adverbio
1137 541 1227 574 libro
1254 546 1413 574 extracta
1438 546 1530 574 sunt.

115 600 152 634 Si
178 611 248 644 qua
274 601 310 634 in
335 612 365 634 c.
391 600 460 634 XV
492 601 667 645 adparent
699 602 872 640 uberiora,
906 601 1035 634 eodem
1069 601 1178 634 modo
1208 601 1419 645 explicanda
1453 606 1536 634 sunt

115 672 186 705 quo
222 672 264 695 ea
297 672 389 705 quae
423 673 442 694 e
479 660 568 694 libro
602 661 647 694 de
681 660 847 705 analogia
881 661 1068 706 desumpta
1102 666 1200 696 sunt:
1226 660 1405 695 Charisius
1438 661 1533 695 enim

88 735 91 738 ·
114 721 223 755 etiam
247 722 282 754 in
307 721 423 767 capite
447 721 492 755 de
518 721 688 755 adverbio
713 721 831 766 aliqua
848 722 1009 755 omisisse
1033 721 1180 757 videtur.
1230 721 1369 755 Deinde
1392 732 1478 754 vero
1502 732 1532 757 e.

113 781 183 815 XV
207 787 390 815 auctorem
415 780 557 815 liberius
581 781 698 825 egisse
733 782 840 815 etiam
873 781 958 815 alias
991 781 1110 815 videre
1144 781 1233 815 licet.
1286 781 1533 825 Quamobrem

116 842 187 875 duo
222 841 355 885 reliqua
399 851 475 881 111,
506 842 549 874 16
582 841 703 879 »intro,
738 841 851 873 intus«
890 846 925 874 et
961 850 1037 880 111,
1066 849 1107 873 21
1148 852 1338 887 ›peregre‹
1377 841 1533 875 indidem

117 902 331 948 deprompta
359 907 481 947 putare
514 913 586 935 non
618 901 754 941 dubito,
780 902 987 947 praesertim
1024 912 1105 935 cum
1131 902 1315 936 Romanus
1340 910 1421 941 201,
1452 909 1468 945 5
1497 908 1534 935 et

116 971 196 1002 212,
229 964 269 996 18
295 962 340 996 de
366 962 421 995 his
444 962 578 995 eisdem
603 961 780 995 adverbiis
807 967 891 1005 agat
917 967 952 994 et
979 962 1152 1007 prioribus
1175 962 1263 995 locis
1287 973 1368 995 cum
1395 960 1532 996 Graeca

112 1022 303 1068 explicatio
328 1028 403 1057 tum
426 1021 628 1068 exemplum
655 1022 801 1068 copiose
825 1022 1040 1068 exscriptum
1071 1021 1164 1056 hunc
1191 1033 1331 1068 prorsus
1359 1021 1529 1058 redoleat.

58 1138 61 1140 .
229 1095 368 1138 Quodsi
391 1095 593 1138 quaerimus
619 1095 678 1138 qui
702 1095 854 1130 Romani
878 1094 966 1128 liber
986 1099 1126 1128 ,tantam
1142 1094 1267 1127 silvam
1284 1094 1531 1138 exemplorum

113 1155 160 1188 ad
177 1156 354 1189 nominu
365 1166 400 1188 m
417 1155 642 1198 quaestiones
661 1154 912 1198 pertinentium
930 1154 1218 1199 suppeditaverit,
1237 1154 1308 1187 iam
1322 1154 1401 1188 Keil
1420 1153 1528 1199 praef.

113 1215 217 1249 Char.
238 1227 271 1260 p.
299 1215 431 1249 XLVII
457 1220 492 1249 et
516 1215 767 1249 Schottmiiller
792 1227 826 1259 p.
856 1224 902 1257 24
940 1215 1119 1259 praeclare
1153 1214 1394 1248 iudicaverunt
1432 1215 1528 1248 haud

112 1286 259 1320 parvam
284 1280 421 1319 partem
447 1287 466 1309 e
492 1280 644 1309 tractatu
672 1275 729 1308 de
754 1276 1008 1308 consortio
1035 1286 1221 1308 casuum
1255 1275 1407 1308 fluxisse.
1461 1275 1529 1308 Ro·

112 1347 237 1370 manus
263 1337 355 1369 enim
380 1347 414 1380 p.
448 1345 524 1379 132.
553 1344 599 1379 30
625 1347 652 1371 5.
679 1347 712 1369 ν.
749 1335 872 1368 ›Irim‹
910 1336 1013 1371 dicit:
1043 1335 1145 1369 »licet
1181 1335 1294 1369 Varro
1327 1340 1363 1369 et
1396 1335 1530 1369 Tullius

111 1402 148 1430 et
176 1396 326 1436 Cincius,
356 1401 394 1430 ut
429 1397 473 1430 de
498 1396 678 1430 consortio
705 1406 851 1430 casuum
877 1396 1042 1435 diximus,
1071 1395 1173 1429 huius
1191 1395 1336 1439 Sarapis
1363 1402 1399 1430 et
1427 1396 1530 1429 huius

110 1458 173 1491 Isis
199 1458 389 1492 dixerint‹:
419 1458 631 1502 quibuscum
657 1458 686 1491 si
714 1457 913 1491 uberiorem
939 1457 1201 1502 expositionem
1226 1468 1261 1502 p.
1294 1457 1350 1500 89,
1379 1466 1425 1499 24
1451 1468 1530 1491 con·

111 1529 287 1562 paramus,
316 1519 375 1552 ubi
402 1518 519 1551 Varro
547 1518 613 1551 ›de
636 1518 710 1551 vita
736 1528 820 1550 sua<
851 1517 955 1550 huius
987 1517 1130 1562 Sarapis
1167 1523 1202 1551 et
1240 1517 1303 1550 Isis
1337 1518 1531 1551 declinasse

113 1579 250 1619 dicitur,
277 1578 392 1613 facere
417 1590 487 1613 non
514 1589 704 1623 possumus
730 1578 815 1623 quin
841 1578 929 1612 haec
955 1578 1078 1623 paucis
1103 1578 1244 1613 omissis
1266 1589 1311 1612 ex
1328 1578 1387 1612 illo
1405 1584 1529 1613 tracta-

110 1645 147 1673 tu
176 1645 348 1684 excerpta
374 1651 452 1673 esse
478 1645 654 1684 putemus.
708 1639 835 1672 Mirum
861 1639 894 1672 in
914 1639 1061 1672 modum
1086 1638 1276 1672 Morawski
1303 1649 1337 1682 p.
1367 1646 1438 1682 350
1462 1639 1531 1673 hoc

108 1700 189 1734 loco
213 1700 447 1734 demonstrari
472 1700 637 1745 opinatur
663 1700 814 1734 Romani
840 1700 885 1733 de
911 1699 1076 1743 analogia
1102 1693 1256 1733 libellum
1283 1705 1319 1733 et
1343 1711 1372 1733 c.
1400 1699 1469 1733 XV
1484 1701 1530 1733 ad

107 1760 263 1795 eundem
290 1760 425 1795 fontem
452 1761 573 1795 redire.

224 1833 427 1867 Romanum
453 1834 562 1873 etiam
597 1834 703 1879 περὶ
735 1831 1055 1879 ὀρθογραφίας
1086 1833 1313 1877 quaestiones
1345 1833 1529 1877 scripsisse

108 1905 127 1927 e
152 1892 255 1929 Char.
283 1905 316 1938 p.
351 1896 427 1937 135,
470 1900 508 1936 15
546 1894 829 1928 concludendum
855 1899 911 1927 est
942 1893 1000 1939 (cf.
1027 1892 1173 1932 Teuffel,
1211 1892 1338 1927 Gesch.
1377 1893 1410 1926 d.
1438 1897 1527 1929 rom.

107 1954 177 1990 Lit.
204 1955 226 1999 ξ
253 1963 332 1998 379,
359 1955 399 1998 1).
453 1954 589 1988 Harum
615 1965 758 2000 quoque
771 1954 934 1999 reliquias
959 1954 993 1988 in
1010 1965 1040 1990 c.
1058 1954 1127 1988 XV
1141 1954 1352 1988 remansisse
1378 1954 1527 1990 conicio.

108 2014 286 2051 Nonnulla
313 2015 405 2048 enim
433 2016 663 2059 reperiuntur,
695 2026 786 2059 quae
820 2026 937 2059 neque
968 2026 1049 2048 cum
1082 2015 1171 2048 libro
1201 2015 1245 2048 de
1277 2014 1444 2058 analogia
1469 2026 1527 2048 ne·

107 2085 176 2119 que
202 2086 283 2110 cum
308 2075 441 2120 scripto
467 2076 512 2110 de
537 2076 716 2110 consortio
742 2087 889 2111 casuum
909 2081 1146 2110 consentanea
1172 2075 1250 2115 sint,
1278 2075 1342 2109 sed
1368 2075 1413 2109 ad
1431 2075 1526 2110 illum

105 2137 241 2181 optime
267 2137 489 2177 conveniant,
515 2137 612 2171 velut
639 2145 694 2181 77,
728 2147 780 2180 14.
806 2139 864 2181 96,
891 2146 924 2181 9.
966 2147 1017 2180 13.
1042 2145 1101 2181 97,
1135 2144 1186 2179 15.
1214 2138 1272 2179 98,
1304 2145 1355 2172 12.
1389 2145 1466 2178 104,
1495 2143 1525 2180 5.

111 2204 188 2240 105,
222 2206 248 2231 1.
277 2204 304 2241 5.
338 2206 390 2240 14.

190 2260 193 2270 ’
221 2270 282 2304 Eis
317 2281 409 2314 quae
440 2269 622 2314 hucusque
660 2271 792 2304 contuli
824 2271 1042 2315 argumentis
1066 2270 1162 2304 haud
1188 2268 1333 2309 levibus,
1362 2274 1400 2302 ut
1438 2268 1525 2304 mihi

102 2329 252 2369 videtur,
282 2330 563 2363 demonstratum
582 2341 658 2364 esse
688 2331 842 2364 arbitror
858 2330 1172 2364 Schottmiillerum
1191 2334 1286 2362 recte
1307 2329 1525 2373 suspicatum

103 2400 191 2430 esse.
228 2401 309 2424 cum
339 2390 473 2425 diceret
507 2392 554 2437 (p.
593 2392 667 2437 23):
706 2391 846 2426 »omnia
878 2402 970 2436 quae
1001 2391 1035 2425 in
1070 2402 1114 2425 eo
1146 2391 1187 2436 (e.
1216 2389 1295 2436 XV)
1327 2390 1523 2425 doctrinam

102 2450 221 2499 paullo
257 2451 494 2497 antiquiorem
532 2452 693 2487 redolent
731 2458 767 2487 et
806 2453 954 2497 vestigia
985 2452 1191 2487 eruditionis
1229 2451 1401 2485 uberioris
1438 2461 1524 2498 prae
