1751 2750
835 166 883 200 39

152 271 308 315 Caprux'n
340 270 387 304 ad
410 271 628 306 Priscianum
663 274 880 307 redundasse
912 285 979 319 pro
1015 278 1112 307 certo
1145 272 1272 306 habeo.
1325 272 1383 306 Ac
1417 272 1572 316 primum

149 331 294 378 quidem
321 331 390 365 iarn
417 330 535 366 Christ
561 332 580 369 l.
600 332 621 368 l.
647 344 681 377 p.
707 342 768 378 171
798 345 819 368 e
845 334 948 368 Prisc.
980 341 1058 378 594,
1089 343 1144 377 24,
1173 333 1234 368 ubi
1259 333 1346 370 Plini
1372 333 1482 367 verba
1509 343 1573 377 per

147 403 303 428 errorem
329 392 490 427 Ciceroni
525 393 735 434 tribuuntur,
772 394 862 428 illius
895 395 1024 430 librum
1049 395 1082 429 ei
1107 400 1190 429 ante
1214 394 1339 429 oculos
1364 405 1436 428 non
1462 393 1569 427 fuisse

147 464 229 488 cum
264 453 517 498 probabilitate
548 454 700 488 coniecit
738 453 796 498 (cs.
835 455 943 488 etiam
969 467 1002 500 p.
1035 455 1124 501 168).
1176 455 1347 499 Idemque
1386 454 1565 490 Schottm.

150 526 184 559 p.
214 522 234 557 7
261 514 462 557 suspicatus
486 520 558 555 est,
599 514 682 559 quia
706 515 792 549 Plini
818 515 915 549 dubii
940 515 1111 549 sermonis
1136 515 1213 549 libri
1239 515 1315 549 aliis
1341 515 1427 549 locis
1452 514 1572 549 indili-

149 579 273 619 genter
298 574 409 608 modo
439 586 534 608 ›ars‹
564 575 674 609 modo
704 580 836 608 ›artes‹
873 575 1105 619 adpellantur.
1151 576 1345 610 Adcedunt
1369 576 1436 610 alia
1461 586 1563 620 argu-

149 639 281 672 menta.
332 634 499 678 Legimus
526 635 619 668 enim
636 646 671 679 p.
701 643 780 678 393,
810 636 846 671 8:
878 635 961 669 »sed
986 640 1022 669 et
1040 646 1163 669 eorum
1184 641 1220 669 et
1244 636 1466 680 superiorum
1491 646 1565 669 om·

151 695 247 730 nium
284 706 369 729 usus
406 700 498 729 tam
532 696 648 739 apud
680 694 876 739 caprum
911 707 1040 740 quarn
1064 696 1266 729 Plinium
1299 701 1342 729 et
1367 696 1566 730 Probum

149 756 328 790 invenies«
357 761 392 789 et
417 766 452 798 p.
484 764 563 798 513,
593 764 631 799 7:
662 756 866 790 »nanciscor
892 756 999 789 etiam
1025 761 1169 790 nactum
1195 755 1278 790 facit
1303 757 1437 800 absque
1464 768 1496 795 n,
1530 761 1569 790 ut

151 816 301 850 Probo
340 820 383 849 et
420 815 573 861 Capro
612 822 648 850 et
684 815 831 850 Pollioni
848 815 874 857 ¹)
913 821 954 850 et
991 816 1142 850 Plinio
1182 816 1332 859 placet‹.
1383 816 1449 849 His
1483 816 1570 850 locis

149 876 238 910 Plini
276 876 493 910 mentionem
531 877 600 910 iam
640 876 737 921 apud
764 876 922 919 Caprum
961 876 1138 910 exstitisse
1175 887 1219 909 eo
1257 876 1433 915 suadetur,
1472 876 1570 920 quod

149 936 253 971 Probi
280 947 421 977 nomen,
450 937 548 971 cuius
574 938 701 972 notitia
727 937 883 971 indidem
910 936 1038 971 hausta
1064 941 1128 977 est,
1159 937 1257 970 iuxta
1283 936 1438 982 positum
1472 936 1564 971 inve·

150 997 251 1032 nitur.
318 997 492 1030 Nimirum
530 998 744 1038 Priscianus,
785 1008 868 1031 cum
905 997 1002 1042 apud
1041 996 1195 1041 Caprum
1234 996 1379 1040 legisset
1415 997 1463 1031 ita
1500 996 1572 1031 fere

153 1057 261 1091 »haec
295 1058 453 1091 invenies
487 1058 582 1103 apud
606 1058 754 1092 Plinium
790 1063 826 1092 et
849 1058 1039 1098 Probum«,
1072 1057 1226 1091 auctoris
1259 1057 1314 1090 sui
1345 1068 1476 1091 nomen
1507 1057 1572 1091 illis

151 1118 298 1154 addidit.
350 1118 458 1161 Quod
483 1118 578 1152 idem
604 1130 687 1153 cum
712 1119 808 1162 apud
833 1118 922 1153 alios
953 1119 1144 1162 scriptores
1178 1122 1255 1152 tum
1292 1118 1387 1163 apud
1420 1116 1571 1152 Gellium

151 1179 197 1222 (v.
236 1177 406 1212 Mercklin
446 1178 481 1212 in
516 1179 631 1215 annal.
671 1179 788 1224 philol.
830 1179 943 1224 suppl.
971 1178 1018 1212 111
1044 1189 1079 1221 p.
1098 1178 1191 1229 650)
1230 1177 1363 1211 factum
1399 1177 1571 1218 videmus,

156 1249 272 1283 neque
297 1238 398 1273 aliter
415 1250 675 1283 saepenumero
701 1240 736 1274 in
756 1239 897 1274 scholiis
915 1237 1061 1273 Graecis
1080 1237 1282 1273 coniunctio
1297 1237 1358 1272 καὶ
1375 1243 1571 1284 usurpatur.

267 1299 341 1334 Sed
367 1300 453 1334 satis
479 1300 661 1334 evidenter
687 1300 722 1334 id
748 1300 848 1344 quod
871 1300 1075 1334 coniectura
1093 1298 1314 1342 conlegimus
1339 1299 1573 1333 demonstrari

150 1364 277 1406 potest.
331 1359 423 1394 Nam
450 1359 568 1406 Capro
595 1360 770 1395 debentur
793 1360 879 1395 Plini
905 1360 1182 1395 memorationes
1209 1372 1241 1406 p.
1263 1368 1343 1404 233,
1377 1369 1415 1404 13
1437 1365 1473 1394 et
1492 1359 1571 1400 262,

156 1423 210 1461 18,
237 1421 321 1465 quia
347 1421 424 1454 libri
450 1421 500 1455 VI
526 1422 732 1467 potissimae
762 1427 880 1465 partes
916 1422 960 1455 ad
987 1422 1081 1455 illum
1116 1421 1320 1455 referendae
1352 1427 1436 1454 sunt
1462 1423 1509 1464 (v,
1537 1433 1570 1467 p.

149 1490 199 1523 40
212 1482 316 1526 sqq.).
358 1481 515 1515 Omnino
531 1493 617 1516 vero
635 1482 803 1527 deinceps
821 1482 1024 1516 videbimus
1041 1492 1112 1516 non
1129 1481 1245 1515 solum
1262 1482 1297 1515 in
1315 1481 1405 1515 libro
1421 1481 1481 1520 VI,
1508 1481 1572 1515 sed

149 1541 256 1575 etiarn
282 1541 365 1575 alibi
391 1542 426 1575 in
451 1543 501 1575 eis
527 1542 611 1587 ipsis
637 1552 729 1586 quae
756 1553 775 1575 a
801 1541 919 1587 Capro
945 1542 1134 1588 desumpta
1159 1542 1229 1577 sint
1254 1541 1429 1587 permulta
1455 1541 1569 1576 inesse

149 1602 303 1646 vestigia
326 1602 490 1636 Pliniana.
540 1603 704 1646 Denique
731 1603 837 1636 etiam
870 1614 916 1636 ex
940 1603 1064 1636 libellis
1089 1603 1133 1636 de
1168 1602 1425 1647 orthographia
1456 1607 1492 1636 et
1525 1603 1570 1636 de

149 1661 267 1695 verbis
285 1662 402 1696 dubiis
420 1662 584 1705 quamvis
609 1662 861 1706 conpendiosis
886 1668 922 1696 et
947 1663 1138 1696 contractis
1156 1662 1312 1706 Captum
1331 1661 1450 1695 Plinio
1469 1672 1570 1695 usum

151 1732 229 1756 esse
254 1722 517 1767 cognoscimus.
570 1722 701 1757 Confer
726 1723 819 1757 enim

324 1796 358 1830 p.
383 1791 441 1827 95,
475 1793 517 1826 19
543 1783 600 1828 (K.
627 1784 709 1828 VII)
739 1790 884 1818 »nactus
914 1795 985 1818 uno
1011 1796 1034 1818 n
1060 1784 1297 1824 scribendum,
1327 1788 1364 1818 at
1388 1783 1572 1818 nanciscor

384 1844 546 1878 duobus«
575 1855 657 1878 cum
682 1844 790 1880 Prisc.
822 1852 900 1888 513,
930 1853 962 1889 7.

326 1917 359 1950 p.
391 1914 467 1945 100,
500 1914 512 1937 1
549 1905 668 1939 »calva
691 1905 842 1951 κρανίον
865 1910 1023 1946 vocatur,
1050 1905 1132 1939 licet
1158 1904 1338 1939 Gellius
1364 1909 1400 1938 et
1426 1904 1571 1938 Varro

383 1964 571 1999 calvariam
598 1965 727 2002 dicant.
761 1976 844 1999 nam
870 1970 907 2000 et
931 1965 1105 1999 calvariae
1140 1965 1274 2011 plurale
1309 1970 1374 2000 est.
1410 1963 1571 1998 calvae

384 2037 489 2060 vero
515 2037 620 2060 ossa
631 2024 673 2072 ²),
699 2037 792 2071 quae
809 2031 891 2060 sunt
909 2031 945 2061 et
961 2026 1185 2071 singulariter
1197 2025 1318 2060 calva«
1341 2036 1423 2060 cum
1437 2024 1569 2059 Charis.

395 2087 471 2129 138,
504 2088 545 2120 18
572 2089 654 2130 sqq.⁴
684 2095 760 2130 139,
791 2095 821 2120 2.

273 2184 291 2222 ¹)
313 2185 377 2213 Sine
397 2186 483 2212 dubio
503 2185 600 2220 Haupt
621 2183 726 2222 (opusc.
748 2185 761 2211 Ι
781 2195 808 2221 p.
825 2185 862 2212 68
878 2184 965 2222 seqq.)
987 2189 1059 2212 recte
1073 2185 1178 2212 censuit
1192 2184 1346 2211 Pollionem
1363 2183 1573 2219 grammaticum

151 2244 208 2262 nou
227 2236 429 2271 segregandum
455 2244 514 2262 esse
539 2245 556 2262 a
576 2235 606 2262 C.
630 2236 733 2262 Asinio.
756 2235 927 2262 Contrariam
954 2235 1118 2262 sententiam
1151 2235 1354 2270 amplectuntur
1381 2233 1464 2260 nullis
1492 2242 1574 2269 argu-

153 2286 255 2313 mentis
274 2286 421 2322 propositis
442 2286 533 2322 Bergk
554 2284 663 2322 (philol.
685 2286 780 2313 XXIX
800 2295 826 2321 p.
850 2284 918 2323 329)
940 2290 967 2313 et
987 2285 1073 2321 Steup
1093 2286 1111 2312 1.
1126 2285 1145 2313 l.
1160 2294 1186 2320 p.
1204 2290 1241 2318 70
1262 2294 1304 2320 sq.
1325 2284 1459 2311 Pollionis
1480 2288 1574 2313 autem

153 2337 255 2363 mentio
275 2346 291 2363 a
312 2337 400 2363 Plinio
420 2337 493 2363 sacta
517 2345 576 2363 esse
604 2337 717 2369 videtur,
747 2336 794 2371 qui
813 2345 877 2362 eum
897 2336 980 2363 etiam
1000 2345 1045 2371 ap.
1067 2335 1171 2362 Charis.
1193 2345 1221 2370 p.
1245 2342 1307 2369 134,
1330 2341 1347 2368 3
1366 2335 1471 2361 laudat.
1514 2334 1576 2361 Di·-

152 2387 301 2415 cretionem
321 2388 397 2416 reicit
416 2388 499 2415 etiam
519 2387 655 2414 Kirchner
673 2387 692 2415 1.
712 2387 730 2414 1.
753 2396 780 2422 p.
804 2392 869 2421 502.

272 2438 294 2476 ²)
314 2440 440 2467 Fortasse
459 2439 530 2467 conl.
556 2438 679 2465 Char-isio
698 2438 847 2474 legendum
867 2442 920 2464 est:
946 2437 1152 2464 »calvariae
1181 2435 1292 2476 (ηκτοι
1325 2436 1474 2467 omiserunt
1495 2436 1517 2463 B
1539 2435 1576 2473 C)

153 2498 223 2524 ossa,
245 2499 316 2526 quae
337 2495 399 2519 sunt
419 2495 446 2518 et
466 2489 638 2525 singulariter
657 2488 838 2517 calvaria·
862 2488 912 2526 (sic
933 2488 954 2514 B
976 2485 1037 2529 ΕΙ).
