1751 2750
875 152 920 193 50

182 271 259 310 130.
289 273 332 311 25
365 264 521 308 »Felix«,
555 274 631 311 133,
663 274 679 310 5
721 264 954 309 »luvenalis«,
994 264 1071 310 146,
1115 273 1157 312 17
1195 264 1340 303 »Utilis«
1377 271 1413 303 et
1437 264 1514 303 aliis
1539 267 1607 304 abl'.
1652 271 1654 273 ’

175 339 228 372 sg.
255 328 303 362 111
328 328 513 374 exemplis,
541 339 635 374 quae
660 329 780 362 omnia
805 329 850 363 ad
870 329 1023 363 Plinium
1049 328 1239 373 pertinent.
1293 328 1402 373 Quod
1425 329 1607 375 contendo

177 400 221 423 eo
249 389 484 423 certissimum
519 389 688 428 redditur,
723 389 822 434 quod
847 389 1049 425 Priscianus
1082 389 1195 424 altero
1228 388 1310 424 loco
1344 390 1438 434 (347,
1472 390 1528 435 13)
1563 389 1610 425 de

178 449 328 483 vocibus
356 450 493 483 ›rudis‹
523 450 699 483 disserens
725 460 871 494 prorsus
888 438 982 484 Plini
1006 454 1241 495 praeceptum
1267 448 1374 484 refert
1398 445 1503 495 quale
1528 460 1609 485 con-

176 510 332 555 perimus
357 521 378 544 e
404 510 538 544 Charis.
575 519 651 552 142,
685 518 727 544 10
755 516 790 544 et
821 520 899 554 143.
933 521 960 545 1.

294 570 405 605 Plinio
432 582 540 616 porro
565 571 770 605 adiudicare
795 571 877 606 licet
902 572 938 605 id
973 573 1072 617 quod
1097 572 1202 605 Prisc.
1234 578 1315 614 350.
1344 580 1390 613 24
1416 572 1462 605 de
1491 572 1606 618 ›aplu-
1631 564 1632 567 Ἴ

176 635 270 664 stre«
301 623 362 676 (cf.v
386 630 490 666 Char.
525 640 601 670 122,
641 632 696 675 13)
731 631 851 671 tradit,
885 632 1094 678 praesertim
1128 643 1209 666 cum
1244 632 1313 666 hoc
1346 631 1563 667 vocabulum
1587 643 1608 666 a

178 692 307 726 ceteris
333 692 586 736 grammaticis,
615 692 713 737 quod
739 693 859 734 sciam,
888 705 960 728 non
986 698 1166 730 tractetur.

295 752 389 786 Inter
419 752 520 790 Prisc.
558 760 600 796 35
609 760 638 795 5,
672 761 684 786 1
715 764 793 799 sqq.
826 754 1096 800 ›parent(i)um‹
1127 759 1163 788 et
1189 752 1291 789 Char.
1326 753 1406 796 138,
1438 761 1480 787 10
1506 753 1606 787 Plini-

178 823 239 845 um
266 812 482 853 laudantem,
511 813 650 848 etiamsi
676 814 798 858 regula
823 815 1010 860 proposita
1037 825 1108 848 non
1127 814 1230 861 plane
1256 814 1384 849 eadem
1409 819 1476 856 est,
1502 825 1607 861 prop-

175 879 229 907 ter
253 873 464 908 Ciceronem
491 879 642 918 utroque
670 874 752 909 loco
777 875 961 909 laudatum
988 875 1156 919 cognatio
1183 875 1361 918 quaedam
1387 875 1608 909 intercedere

180 934 331 969 videtur.

296 996 462 1041 Denique
488 996 656 1031 nonnulla
679 997 809 1031 addam
837 997 882 1031 de
899 997 1004 1031 Prisc.
1024 997 1107 1040 363.
1161 995 1230 1030 Ubi
1257 996 1423 1042 exempla
1448 997 1494 1030 ad
1521 1007 1601 1040 gen.

179 1062 214 1090 et
240 1057 311 1090 dat.
339 1067 393 1100 sg.
421 1057 471 1090 IV
497 1057 585 1092 decl.
613 1057 824 1102 pertinentia
850 1068 896 1091 ex
922 1067 992 1091 uno
1027 1057 1229 1103 eodemque
1264 1057 1361 1091 sonte
1396 1056 1608 1103 profluxisse

178 1117 304 1151 suadet
331 1116 465 1151 Gellius
491 1123 584 1154 noct.
599 1117 676 1153 Att.
698 1117 748 1152 IV
771 1118 822 1158 16,
839 1118 934 1163 apud
953 1128 1061 1163 quem
1083 1118 1224 1152 ›anuis‹
1245 1119 1294 1164 (2)
1312 1123 1349 1152 et
1370 1118 1604 1167 ›concubitu‹

178 1179 230 1222 (7)
270 1178 405 1211 eisdem
442 1178 655 1212 testimoniis
693 1178 967 1223 conprobantur.
1029 1178 1085 1212 De
1121 1178 1186 1212 illis
1225 1178 1332 1227 igitur
1370 1178 1465 1212 idem
1511 1178 1605 1212 valet

178 1238 275 1285 quod
313 1250 346 1284 p.
375 1238 424 1281 46
463 1238 508 1272 de
551 1238 693 1272 ›anuis‹
724 1249 813 1273 voce
840 1238 924 1274 dixi.
965 1259 1011 1264 —
1055 1237 1146 1273 Cum
1179 1237 1295 1274 Gellio
1333 1239 1441 1273 etiam
1467 1238 1604 1274 Nonius

181 1292 271 1343 501,
291 1309 334 1343 23
363 1300 550 1334 consentit.

454 1445 520 1485 De
548 1446 868 1486 institutionum
898 1446 1025 1486 libris
1053 1445 1161 1486 VIII.
1191 1445 1262 1485 IX.
1293 1445 1345 1485 X.

295 1541 559 1574 Institutionum
586 1541 695 1575 libros
720 1541 813 1576 VIII.
844 1541 903 1576 IX.
930 1541 973 1578 X.
1001 1541 1036 1574 in
1054 1541 1183 1587 quibus
1210 1541 1254 1575 de
1273 1541 1392 1575 verbis
1419 1540 1602 1574 disseritur

179 1606 214 1635 et
241 1601 352 1635 multa
378 1601 496 1635 insunt
520 1612 613 1647 quae
632 1613 713 1636 cum
738 1602 915 1636 Diomede
942 1602 1157 1648 conspirent,
1186 1613 1205 1635 e
1223 1600 1327 1647 Capri
1354 1601 1450 1635 libris
1480 1621 1524 1626 —
1543 1601 1604 1635 sci·
1673 1635 1681 1642 ‚

175 1662 255 1696 licet
281 1663 326 1695 de
353 1662 545 1710 Latinitate
572 1683 619 1688 —
645 1662 790 1696 fluxisse
815 1663 885 1696 iam
911 1674 944 1707 p.
975 1671 1019 1705 29
1048 1662 1170 1696 monui
1198 1666 1233 1695 et
1259 1661 1427 1695 hocloco
1454 1661 1605 1694 uberius

177 1723 376 1759 ostendam.
430 1723 489 1757 Ad
516 1721 672 1769 Caprum
700 1723 734 1756 in
760 1723 815 1758 his
839 1722 935 1757 libris
962 1723 1180 1757 duodeciens
1207 1726 1422 1768 provocatur
1448 1723 1545 1766 (391,
1571 1731 1598 1755 1.

178 1791 258 1827 393,
285 1793 319 1826 9·
353 1791 405 1825 13-
430 1783 514 1826 436,
544 1792 575 1827 7-
603 1792 685 1826 490.
712 1793 745 1826 9·
779 1791 856 1826 500,
890 1783 924 1819 6-
955 1784 1034 1826 508.
1071 1784 1128 1819 28·
1160 1790 1238 1826 509,
1275 1791 1329 1822 22.
1360 1789 1438 1826 513·
1468 1790 1498 1826 7-
1523 1789 1601 1825 524,

182 1853 233 1878 12.
262 1851 341 1887 530,
375 1845 427 1878 18.
459 1851 538 1887 535,
573 1845 604 1887 1)
633 1844 740 1890 idque
767 1855 1036 1889 nonnumquam
1063 1845 1112 1878 ita
1138 1849 1176 1877 ut
1201 1843 1376 1889 permulta
1411 1843 1442 1876 ei
1482 1842 1605 1876 deberi

177 1905 212 1937 in
238 1903 428 1951 propatulo
454 1904 510 1944 sit,
538 1904 635 1938 velut
661 1916 694 1950 p.
724 1912 804 1947 393,
832 1914 872 1947 9:
904 1904 989 1938 »sed
1015 1909 1050 1938 et
1072 1913 1208 1948 ‘eorum
1235 1908 1271 1936 et
1303 1903 1605 1948 superiorum

178 1975 245 1999 om
257 1964 377 1998 nium
403 1975 486 1998 usus
503 1969 579 1999 tam
598 1964 696 2010 apud
715 1963 871 2011 Captum
889 1976 999 2010 quam
1014 1963 1162 2009 Plinium
1179 1968 1216 1998 et
1232 1962 1390 1998 Probum
1408 1963 1599 1997 invenies«.
1613 1976 1618 1981 ³

177 2025 234 2057 Ex
268 2030 399 2058 octavo
433 2035 520 2058 vero
559 2025 650 2058 libro
688 2025 942 2068 cognoscimus
980 2024 1013 2057 in
1051 2024 1217 2057 Prisciani
1257 2022 1356 2056 fonte
1394 2022 1502 2055 verba
1541 2033 1614 2066 per-

176 2084 296 2118 literas
312 2084 454 2128 digesta
472 2083 578 2119 fuisse
595 2084 654 2129 (cf.
675 2096 708 2130 p.
732 2093 812 2129 379,
828 2094 862 2127 4.
891 2085 962 2128 380
979 2095 1057 2130 sqq.
1086 2093 1165 2127 391,
1186 2092 1212 2118 1.
1243 2092 1326 2127 392,
1347 2073 1398 2117 11.
1428 2082 1510 2127 396,
1535 2085 1600 2128 11),

177 2155 284 2188 quem
310 2146 472 2179 ordinem
497 2157 519 2179 a
545 2145 664 2191 Capro
691 2146 890 2180 institutum
929 2157 1007 2179 esse
1033 2156 1068 2189 p.
1098 2154 1161 2188 391
1179 2171 1187 2184 ,
1220 2154 1254 2183 1,
1282 2144 1342 2177 ubi
1369 2144 1444 2177 eius
1472 2154 1604 2177 nomen

177 2205 330 2243 additur,
358 2205 485 2250 prodit.
528 2205 699 2249 Idemque
724 2206 759 2239 in
785 2205 820 2238 V·
844 2205 935 2255 libro
962 2204 1152 2251 praecipue
1177 2217 1210 2250 p.
1244 2204 1311 2247 169
1335 2213 1412 2247 sqq.
1439 2203 1602 2242 cernitur,

177 2265 238 2300 ubi
265 2265 378 2299 multa
403 2265 568 2311 exempla
594 2267 660 2301 sub
686 2265 796 2300 finem
822 2266 964 2300 brevius
988 2271 1250 2305 enumerantur,
1279 2269 1363 2309 post
1387 2274 1480 2310 quae
1498 2263 1600 2298 Prisc.

182 2335 265 2372 171,
299 2335 343 2368 14
378 2327 468 2361 haec
502 2327 651 2362 subicit:
693 2327 832 2372 »Supra
865 2327 1042 2361 dictorum
1074 2332 1197 2361 tamen
1232 2326 1417 2360 nominum
1451 2336 1545 2360 usus,
1567 2329 1604 2359 et

175 2387 273 2433 apud
289 2387 447 2433 Captum
473 2392 510 2422 et
534 2388 631 2433 apud
649 2388 804 2423 Probum
822 2387 868 2422 de
890 2387 1007 2422 dubiis
1033 2386 1225 2432 generibus
1250 2386 1420 2421 invenis«.
1448 2384 1603 2430 *Quodsi

176 2460 446 2493 nonnumquam
479 2449 590 2483 iustus
627 2450 717 2484 ordo
744 2448 986 2494 perturbatur,
1018 2448 1053 2482 id
1077 2448 1209 2493 partim
1236 2447 1417 2481 Prisciano
1443 2445 1603 2480 dandum
