1751 2750
858 187 900 223 23

450 301 527 338 107,
554 295 578 329 6
603 295 714 340 mugil
738 297 787 328 -’.
818 297 894 342 136,
923 304 967 330 22

448 363 524 400 107,
552 365 575 400 9
601 356 855 402 paterfamilias
879 375 929 389 z
961 365 1037 397 12ο,
1067 358 1087 391 8

469 483 570 520 53,13
598 478 774 522 poematis

467 536 521 580 56,
549 547 573 580 4
597 537 774 572 amsorum
800 538 844 585 (γ.
870 538 963 573 Keili
988 538 1085 585 add.)

463 598 521 635 61.
549 599 572 631 6
598 609 694 632 mare
721 599 782 642 (=
811 608 889 642 137,
922 601 976 643 12)

466 664 521 701 77,
554 664 569 700 5
598 658 737 692 balteus

467 726 522 762 79,
551 727 570 752 2
599 719 752 763 genetiv.
782 719 805 753 ii

465 779 522 821 85,
549 779 573 812 6
600 779 727 823 gibber

464 839 572 879 88‚16
596 844 720 873 vertex

407 928 409 931 .
443 906 569 943 105.19
595 900 784 945 pampinus
811 901 855 945 (v.
881 899 973 934 Keili
999 899 1149 944 adnot.).

238 985 243 996 .
284 960 393 1005 Quod
424 960 470 994 ad
505 960 750 1004 quaestionem
778 960 823 994 de
858 960 1027 1004 genetivo
1065 960 1088 994 ii
1114 959 1213 995 finito
1239 960 1383 1001 adtinet,
1411 961 1583 1006 suspicari

168 1027 312 1067 oportet
343 1021 463 1055 omnia
494 1033 585 1067 quae
620 1021 702 1055 inde
728 1032 750 1055 a
775 1033 809 1066 p.
841 1022 904 1065 78,
930 1031 954 1063 4
978 1021 1145 1065 leguntur
1169 1021 1280 1055 Plinio
1305 1022 1439 1058 deberi.
1489 1022 1582 1057 Nam

166 1083 276 1118 verba
310 1088 367 1117 »et
398 1082 526 1116 Plinius
560 1093 704 1126 quoque
735 1082 832 1116 dubii
866 1082 1038 1115 sermonis
1070 1082 1120 1116 VI
1156 1082 1220 1127 (sic
1253 1093 1320 1126 pro
1345 1082 1381 1117 V
1406 1082 1580 1118 Schottm.

166 1155 200 1188 p.
226 1152 271 1186 43
300 1148 397 1177 recte
422 1142 627 1177 emendavit
650 1142 791 1176 conlata
816 1153 850 1186 p.
883 1150 958 1180 122,
978 1142 1011 1177 6.
1041 1144 1074 1187 7)
1099 1142 1268 1176 adicit«
1297 1143 1489 1176 ostendunt
1514 1144 1584 1178 iam

164 1203 414 1237 antecedentia
439 1202 485 1236 ab
512 1202 640 1236 eodem
675 1201 835 1251 exhibita
861 1212 950 1237 esse.
1001 1201 1058 1235 Ac
1092 1206 1276 1246 praeterea
1300 1202 1468 1237 Varronis
1504 1203 1583 1238 doc-

163 1263 292 1297 trinam
318 1264 363 1307 (v.
395 1264 450 1307 78,
478 1264 513 1309 6)
539 1263 763 1307 potissimum
789 1273 853 1306 per
877 1262 1026 1296 Plinium
1057 1263 1103 1296 ad
1129 1263 1334 1297 Romanum
1367 1263 1584 1298 redundasse

162 1324 341 1357 novimus.

279 1383 310 1418 E
335 1383 459 1418 ceteris
476 1383 562 1417 locis
580 1383 710 1428 quibus
727 1383 813 1417 Plini
838 1394 969 1417 nomen
994 1394 1067 1417 non
1094 1383 1244 1428 adparet
1263 1382 1438 1420 Schottm.
1456 1384 1502 1429 (p.
1520 1385 1583 1430 43)

169 1444 246 1484 106,
271 1453 283 1477 1
305 1454 381 1488 sqq.
412 1443 618 1488 (›Albani‹)
644 1443 789 1478 conlato
816 1443 992 1487 Pompeio
1011 1443 1053 1477 K.
1073 1444 1108 1477 V
1139 1453 1215 1486 144,
1243 1453 1285 1486 14
1311 1444 1422 1478 Plinio
1448 1445 1581 1479 tribuit.

162 1504 277 1538 Varro
301 1509 420 1538 autem
446 1504 541 1549 apud
560 1503 762 1537 Charisium
788 1504 952 1537 laudatus
978 1504 1013 1537 in
1031 1503 1120 1537 libro
1137 1504 1221 1537 VIII
1247 1504 1292 1538 de
1317 1503 1437 1548 lingua
1454 1504 1581 1539 Latina

161 1575 194 1608 p.
229 1573 294 1608 179
329 1565 395 1609 (ed.
431 1564 567 1609 Muller)
604 1576 684 1599 eam
722 1576 797 1598 rem
816 1565 1011 1605 tractavit,
1048 1565 1146 1598 cuius
1182 1564 1346 1598 doctrina
1378 1565 1486 1598 etiam
1511 1565 1579 1600 illic

161 1636 225 1670 per
250 1625 398 1660 Plinium
424 1626 553 1660 tradita
577 1636 655 1660 esse
681 1625 839 1666 videtur,
875 1625 1012 1659 etiamsi
1038 1625 1085 1659 ab
1112 1629 1322 1670 excerptore
1357 1624 1467 1669 ipsius
1493 1623 1579 1659 Plini

162 1687 355 1726 sententia,
388 1687 448 1730 qui
480 1687 728 1720 discretionem
765 1686 987 1719 Albanorum
1022 1692 1058 1719 et
1083 1686 1292 1719 Albensium
1325 1691 1414 1721 etcc.
1449 1686 1578 1725 reiecit,

162 1746 295 1791 aliquid
320 1746 508 1780 obscurata
535 1751 597 1780 est.
642 1746 816 1780 Attamen
834 1746 927 1780 idem
955 1746 989 1780 in
1008 1751 1076 1780 nat.
1098 1745 1180 1780 hist.
1208 1745 1302 1779 illam
1328 1745 1579 1780 discretionem

162 1807 423 1850 quadamtenus
450 1808 631 1848 observat,
656 1818 737 1841 cum
765 1816 798 1850 3,
824 1807 872 1850 69
898 1807 1010 1843 dicat:
1050 1807 1105 1840 ›in
1139 1811 1262 1840 monte
1289 1806 1432 1840 Albano
1457 1806 1579 1851 populi

160 1866 355 1903 Albenses:
394 1867 592 1901 Albani«
629 1878 657 1900 e.
697 1878 730 1911 q.
758 1878 795 1899 s.-
819 1872 855 1900 et
882 1876 921 1910 3,
954 1866 1370 1900 10620A1bensium
1404 1865 1501 1900 Alba
1533 1867 1579 1900 ad

160 1927 334 1962 Fucinum
361 1927 510 1962 lacum«.

282 1988 420 2021 Deinde
447 1987 621 2021 Schottm.
648 1988 666 2021 1.
697 1988 716 2021 1.
746 1999 789 2021 ea
822 1999 915 2032 quae
941 1999 968 2023 S.
994 1999 1025 2020 v.
1063 1988 1154 2021 ›sal‹
1190 1988 1274 2026 106,
1308 1996 1347 2020 12
1374 1987 1579 2021 adferuntur

160 2058 227 2092 pro
253 2047 418 2081 Plinianis
444 2047 588 2082 habenti
616 2047 826 2093 adstipulor.
877 2047 952 2082 Nec
986 2058 1072 2082 vero
1106 2047 1162 2081 ille
1195 2046 1414 2091 argumentis
1441 2047 1578 2081 innixus

159 2113 232 2142 est:
268 2119 350 2142 nam
386 2109 467 2143 inde
504 2109 601 2152 quod
632 2110 666 2142 in
704 2108 925 2152 »fragmento
957 2109 1002 2142 de
1037 2108 1200 2141 nomine«
1234 2118 1290 2151 ap.
1326 2107 1578 2141 Endlicherum

159 2179 192 2212 p.
237 2177 304 2211 134
337 2186 395 2208 ,z
419 2168 462 2202 K.
502 2169 537 2202 V
573 2170 659 2212 560,
690 2178 735 2212 30
760 2169 908 2212 legitur:
931 2173 1009 2210 yut
1043 2168 1128 2202 dicit
1160 2168 1290 2201 Plinius
1324 2166 1508 2201 Secundus
1541 2168 1577 2202 in

158 2227 255 2262 libris
281 2227 377 2262 dubii
413 2229 598 2269 sermonis,
639 2229 696 2263 hic
721 2229 833 2263 salis
867 2229 914 2263 ab
945 2228 1014 2263 hoc
1048 2228 1130 2262 sali«
1167 2228 1226 2262 vix
1260 2227 1340 2271 cogi
1376 2232 1498 2272 potest
1531 2227 1577 2262 ad

157 2289 311 2322 eundem
335 2287 578 2322 Charisianum
605 2289 687 2322 illud
712 2289 835 2322 redire.
889 2289 1062 2323 Attamen
1086 2289 1156 2322 hoc
1179 2287 1332 2331 probare
1359 2298 1466 2331 posse
1492 2287 1578 2321 mihi

157 2347 289 2383 videor.
340 2348 396 2383 Ac
422 2349 576 2394 primum
601 2349 746 2394 quidem
770 2349 877 2383 etiam
904 2348 1058 2394 Captum
1093 2349 1138 2383 de
1172 2348 1298 2382 eadem
1333 2359 1370 2382 re
1405 2353 1579 2383 tractasse

157 2410 384 2455 conperimus
410 2421 455 2444 ex
487 2411 610 2446 anecd.
640 2410 780 2445 Helvet.
809 2421 842 2455 p.
875 2419 951 2450 111,
981 2411 1044 2445 28;
1087 2410 1194 2444 »Inde
1227 2409 1343 2455 Caper
1376 2409 1477 2444 dicit:
1518 2410 1578 2444 Ille

156 2469 250 2517 sal{e]
276 2481 442 2516 aspersus
466 2471 660 2508 Musarum.
703 2470 785 2507 Non
811 2471 877 2506 erit
901 2470 971 2507 hoc
996 2471 1048 2506 sal
1072 2476 1109 2507 et
1132 2470 1200 2507 hae
1224 2470 1325 2515 sales,
1351 2471 1415 2505 sed
1440 2468 1575 2516 ἑνικῶς,
