1751 2750
69 259 73 267 ,
96 274 112 279 Ἀ
138 214 306 274 oportere
332 229 474 264 nomina
500 241 539 264 us
564 229 700 275 syllaba
726 230 915 264 terminata
947 230 982 264 in
1014 241 1052 263 er
1078 229 1324 263 adverbialiter
1350 228 1466 262 flecti«
1495 228 1559 262 Fa-

60 291 77 335 ’γ
97 288 103 309 ’·
122 282 279 323 ‘bricius
294 294 378 334 post
398 290 552 333 ›inquit‹
579 300 710 323 nomen
726 290 816 324 Plini
835 290 985 323 inseruit
1011 290 1119 333 idque
1145 289 1241 322 haud
1272 288 1381 322 dubie
1407 299 1453 322 ex
1478 298 1559 322 con-

8 381 29 396 ς,
74 357 76 359 “
116 347 282 395 iectura,
310 349 599 395 quandoquidem
623 355 707 396 post
735 348 869 385 ›flecti‹
900 361 1089 396 perperam
1116 350 1226 384 »libro
1243 349 1352 393 V1‹¹)
1382 349 1555 395 scriptum

103 422 109 430 ¹
139 409 273 449 invenit
300 415 336 444 et
360 411 410 444 VI
436 411 535 444 dubii
562 412 734 445 sermonis
759 411 846 444 liber
872 412 912 445 in'
932 411 1085 445 Romani
1112 412 1157 444 de
1193 410 1355 454 analogia
1380 410 1498 454 capite
1523 421 1557 455 p.

146 470 213 504 116
237 481 315 515 sqq.
341 471 547 515 saepissime
570 471 744 504 laudatur.
795 471 921 516 Neque
955 471 1037 505 alibi
1071 471 1105 504 in
1131 470 1283 505 Romani
1318 470 1363 504 de
1389 469 1560 505 adverbio

139 531 258 574 capite
283 531 418 564 Plinius
443 532 542 565 testis
568 532 703 567 citatur.

255 590 322 624 His
339 591 542 635 praemissis
561 591 809 635 quaestionem
835 591 948 635 ipsam
966 591 1206 634 ingrediamur
1231 595 1267 624 et
1292 602 1385 635 quae
1401 591 1558 624 Pliniana

139 649 409 683 adsCharisium
435 655 471 683 et
494 651 715 698 ⁴Priscianum
743 651 967 695 pervenerint
993 656 1028 684 et
1060 661 1124 693 per
1157 661 1246 694 quos
1271 651 1317 684 ad
1343 662 1405 684 eos
1430 651 1554 685 redun-

43 746 47 747 ⁷
139 710 298 743 daverint
323 710 534 754 investigare
559 711 774 746 studeamus.

495 876 628 932 Pars
676 879 712 934 l.
796 877 888 933 De
931 832 1200 933 CliarisiO.

254 993 379 1037 Longe
418 995 610 1028 maximam
647 1000 787 1039 partem
828 994 1104 1039 fragmentorum
1143 1005 1235 1040 quae
1270 1006 1290 1028 e
1321 994 1421 1028 Plinii
1460 994 1557 1028 dubii

136 1054 308 1088 sermonis
346 1054 442 1088 libris
482 1060 649 1100 excerpta
674 1060 839 1089 aetatem
877 1055 1031 1089 tulerunt
1080 1054 1267 1089 Flavius
1306 1054 1557 1100 Sosipater

136 1114 197 1148 Ch
207 1126 251 1148 ar
261 1115 344 1148 isiu
354 1127 371 1147 s
385 1115 487 1149 nobis
502 1117 662 1155 servavit,
679 1117 737 1160 qui
752 1117 1005 1160 grammaticus
1019 1116 1180 1159 quamvis
1194 1115 1388 1149 incredibili
1403 1116 1556 1160 quadam

134 1175 270 1208 inscitia
305 1175 461 1208 fontibus
505 1176 576 1209 suis
620 1187 703 1209 usus
739 1176 976 1214 diversissima
1007 1186 1171 1221 quaeque
1197 1176 1409 1220 conpilaret,
1437 1181 1556 1210 tamen

135 1235 183 1268 ob
209 1245 377 1278 magnam
404 1236 628 1280 antiquarum
646 1237 824 1270 literarum
851 1241 887 1269 et
904 1236 1144 1269 doctrinarum
1171 1236 1311 1280 copiam
1338 1247 1446 1281 quam
1474 1247 1554 1270 coa-

134 1295 288 1329 cervavit
312 1296 401 1329 inter
431 1297 600 1329 ›artium‹
629 1297 821 1341 scriptores
848 1297 1080 1340 praecipuum
1105 1296 1223 1329 locum
1250 1296 1399 1332 obtinet.
1450 1296 1554 1330 Nam-

133 1364 203 1398 que
242 1366 323 1388 cum
363 1361 561 1390 ceterorum
601 1357 740 1399 plurimi
781 1361 941 1390 recentes
978 1355 1095 1390 fontes
1132 1356 1245 1390 secuti
1282 1356 1351 1390 sint
1389 1361 1425 1390 et
1462 1357 1556 1390 unde

133 1414 313 1449 hauserint
339 1415 411 1450 fere
436 1417 602 1451 omittant
627 1417 790 1457 indicare,
820 1415 997 1451 Charisius
1027 1416 1145 1450 multis
1170 1416 1256 1450 locis
1282 1421 1444 1451 auctores
1469 1428 1554 1462 quo-

133 1487 210 1510 rum
241 1476 350 1510 libros
381 1478 568 1521 exscripsit
603 1479 813 1512 nominatim
847 1477 980 1513 adfert:
1019 1488 1090 1521 qua
1124 1488 1160 1511 re
1194 1477 1234 1511 fit
1259 1482 1297 1511 ut
1322 1478 1432 1512 etiarn
1457 1478 1552 1520 alibi,

133 1537 193 1571 ubi
220 1549 242 1572 a
266 1538 395 1582 quibus
421 1540 576 1584 pendeat
599 1544 703 1578 tacet,
732 1539 848 1573 fontes
875 1538 1046 1582 indagare
1073 1539 1262 1583 possimus,
1313 1539 1371 1573 Ex
1404 1539 1553 1573 auctori-

133 1598 200 1632 bus
225 1610 310 1632 vero
337 1598 470 1633 Charisi
489 1600 673 1635 Romanus
700 1605 735 1634 et
752 1600 950 1633 Palaemon
976 1599 1021 1632 ad
1040 1605 1198 1633 nostram
1224 1610 1344 1633 curam
1362 1600 1549 1644 pertinent.

697 1706 761 1745 De
792 1706 990 1746 Romano.

249 1799 506 1835 Gravissimum
533 1808 586 1836 est
611 1807 647 1836 et
674 1807 793 1836 nostra
818 1802 963 1835 interest
989 1801 1161 1835 maxime.
1198 1801 1295 1846 quod
1329 1801 1507 1836 Charisius
1532 1813 1552 1836 e

131 1860 242 1895 Iulii
267 1862 455 1896 Romani
482 1863 576 1896 libris
595 1863 844 1907 grammaticis,
873 1863 933 1908 qui
960 1859 1119 1908 ἀφορμαὶ
1145 1862 1444 1902 inscribebantur,
1472 1867 1550 1897 tota

132 1921 250 1965 capita
284 1923 471 1967 excerpsit,
513 1924 640 1967 quibus
677 1934 759 1957 cum
796 1923 973 1956 variorum
1011 1927 1232 1956 vetustorum
1267 1922 1437 1956 librorum
1477 1928 1553 1956 tum

131 1981 309 2016 Plinianae
335 1984 420 2017 artis
437 1985 690 2028 grammaticae
709 1984 841 2018 multae
867 1995 910 2017 ac
935 1983 1112 2028 pretiosae
1130 1983 1296 2027 reliquiae
1313 1984 1549 2018 continentur.

121 2042 187 2076 vEo
225 2044 320 2077 enim
370 2045 485 2089 capite
522 2046 620 2089 quod
657 2046 702 2079 de
741 2045 908 2089 analogia
946 2045 1148 2089 conposuit,
1191 2042 1370 2077 Charis.
1406 2044 1431 2084 1,
1459 2051 1551 2083 XVII.

129 2102 291 2147 'inprimis
308 2103 455 2138 Plinium
482 2110 624 2139 secutus
651 2110 714 2145 est,
742 2106 840 2139 cuius
858 2105 1041 2139 doctrinae
1060 2105 1206 2140 frustula
1232 2116 1296 2150 per
1313 2109 1430 2138 totum
1447 2110 1555 2148 caput

132 2163 301 2208 dissipata
330 2164 409 2207 plus
445 2165 533 2199 duas
565 2171 682 2210 partes
717 2165 885 2201 efficiunt.
936 2165 1129 2200 Cumsshoc
1161 2176 1246 2199 vero
1282 2164 1378 2198 haud
1416 2176 1551 2210 paucae

132 2224 400 2259 observationes
442 2226 616 2270 capitis
649 2226 718 2261 XV
743 2226 890 2261 libriI
929 2232 1002 2260 tam
1039 2232 1116 2260 arto
1161 2225 1303 2260 vinculo
1344 2225 1553 2260 coniunctae

131 2290 222 2325 sunt,
252 2291 291 2319 ut
317 2286 612 2321 necessitudinem
646 2287 800 2331 aliquam
836 2298 916 2320 cum
943 2299 972 2321 c.
999 2287 1100 2321 XVII
1126 2286 1284 2320 habeant
1317 2297 1464 2320 necesse
1497 2289 1552 2322 sit.

252 2413 272 2453 ¹)
293 2416 410 2443 LIBRO
433 2409 470 2442 vl
495 2425 527 2443 ex
547 2417 599 2443 VT
621 2417 693 2443 PRO
717 2415 868 2454 VT(inam)
889 2417 964 2451 quod
985 2417 1106 2452 sequftur
1127 2421 1216 2443 ortum
1234 2419 1285 2444 est.
