1751 2750
263 297 319 329 De
346 297 501 342 reliquiis
526 297 690 331 Plinianis
737 324 1329 333 .........................
1363 309 1446 343 pag.
1462 307 1511 342 49

204 355 261 390 De
285 356 549 391 institutionum
575 357 672 391 libris
695 357 789 391 VIII.
815 357 874 391 IX.
901 358 936 392 X
938 385 1181 393 ...........
1200 390 1202 392 ,
1223 386 1328 393 .....
1391 373 1405 390 ›
1468 366 1512 403 5ο

263 416 371 462 Capri
409 416 517 455 libros
554 429 620 463 per
661 418 779 452 literas
817 418 975 462 digestos
1009 418 1116 453 fuisse
1147 431 1167 453 e
1198 420 1220 455 l.
1253 420 1336 454 VIII

321 477 510 521 conligitur
540 504 1328 513 ................................
1391 494 1405 511 ›
1468 486 1512 521 5ο

263 537 320 571 De
345 537 521 571 nonnullis
547 548 640 582 quae
666 537 863 572 Priscianus
885 537 994 583 Capri
1019 538 1131 582 copiis
1149 538 1337 573 admiscuit
1390 554 1404 571 ›
1467 545 1506 583 51

263 597 319 632 De
346 598 431 632 Plini
458 598 666 642 fragmentis
690 598 724 632 in
745 597 765 633 1.
793 598 875 631 VIII
984 626 986 628 .
1005 625 1326 633 .............
1389 614 1404 631 »
1467 606 1509 642 52

263 658 319 691 De
345 658 365 693 l.
393 658 442 692 IX
468 662 504 692 et
527 658 562 692 X
585 669 668 691 cum
701 657 878 691 Diomede
914 668 1088 691 consensu
1121 663 1156 691 et
1180 658 1336 702 vestigiis

321 719 486 753 Plinianis
515 745 841 753 .............
864 747 866 749 .
884 744 1329 752 .................
1391 733 1405 750 2
1467 726 1511 762 54

203 780 260 813 De
285 780 479 825 Papiriano
508 784 544 814 et
568 779 678 813 Plinio
688 805 1329 812 ..........................
1391 794 1404 811 ›
1467 786 1508 823 55

262 841 318 874 De
344 840 530 885 Papiriano
556 840 570 874 1
594 839 858 874 institutionum
881 838 959 873 libri
986 843 1131 873 auctore
1151 864 1255 873 .....
1258 864 1280 873 -.
1298 867 1328 873 ..
1391 854 1404 871 2
1467 846 1508 883 55

261 902 318 935 De
355 901 531 947 Papiriani
570 900 746 945 excerptis
783 899 879 945 apud
925 898 1195 933 Cassiodorium
1232 905 1268 933 et
1306 899 1337 933 11

320 961 475 1005 reliquiis
484 986 1324 995 ..................................
1388 974 1402 991 »
1466 960 1510 1002 56

262 1021 429 1056 DePlini
455 1020 663 1066 fragmentis
690 1021 725 1055 in
750 1020 765 1054 I
791 1020 1053 1054 institutionum
1079 1019 1168 1053 libro
1202 1047 1327 1053 ......
1391 1033 1405 1052 v
1469 1020 1511 1062 58
