1751 2750
803 171 848 208 27

77 272 80 276 ’
113 280 278 315 Plautino
312 281 408 326 apud
433 281 648 316 Priscianum
682 286 845 316 exstante
878 280 1028 316 efficitur
1054 280 1239 315 Claudium
1265 280 1537 325 grammaticum

110 341 351 386 incognitum,
378 343 437 387 qui
462 343 498 376 in
535 343 659 378 anecd.
687 342 789 379 Helv.
817 343 1028 382 nominatur,
1054 354 1074 376 e
1103 342 1210 387 Capri
1236 342 1332 376 libris
1350 341 1537 376 delibasse.

108 400 264 447 (Similia
289 412 347 445 ap.
374 401 534 447 Pompei.
563 403 608 437 K.
627 403 672 437 V.
699 412 776 447 199,
804 405 871 450 10).
924 403 1062 437 Deinde
1089 414 1135 436 ex
1167 402 1237 436 hoc
1262 402 1343 436 loco
1369 401 1538 435 discimus

97 462 369 499 ›eruditiores‹
415 465 512 509 apud
546 463 745 499 Charisium
780 464 1041 498 Varronem
1074 463 1290 508 significare,
1323 463 1381 507 qui
1413 468 1537 497 contra

115 523 356 558 Caesarem
387 524 497 558 ›lact‹
527 524 693 560 defendit.
745 524 901 568 Caprum
928 535 1037 569 porro
1062 524 1118 558 illa
1143 523 1346 557 testimonia
1379 534 1401 557 a
1426 522 1536 557 Plinio

114 595 192 619 esse
217 589 417 620 mutuatum
443 585 518 618 veri
545 596 651 629 quam
678 584 891 619 simillimum
918 585 1019 619 duco.
1073 584 1224 629 Saepius
1252 585 1346 618 enim
1372 595 1394 617 a
1418 583 1535 618 Plinio
1590 588 1593 590 ’

67 639 73 647 “
114 644 168 689 (cf.
201 644 304 680 Char.
345 654 422 685 122,
459 652 515 687 25.
548 654 625 687 130,
657 645 689 690 5)
714 645 884 678 Varronis
928 650 1120 689 praecepta
1155 645 1417 679 contenduntur
1454 655 1537 677 curn

114 703 274 739 Caesaris
299 704 443 748 regulis,
480 716 568 750 quas
593 705 797 740 Romanum
822 715 843 739 a
869 704 980 739 Plinio
1013 704 1198 750 adcepisse
1229 715 1335 749 supra
1371 704 1534 738 diximus.

113 765 162 802 Et
200 765 279 809 quis
314 765 566 809 grammaticus
602 765 740 799 -»lacte‹
782 765 1007 799 scribendum
1046 765 1284 798 conmendare
1321 763 1460 808 potuit?
1494 783 1536 788 —

113 824 231 871 Caper
263 826 341 870 ipse
374 825 469 859 nullo
504 826 624 866 modo,
659 825 721 871 qui
752 825 848 871 apud
880 825 990 859 Prisc.
1020 825 1040 861 l.
1066 825 1087 861 1.
1119 824 1403 869 »antiquissimos
1428 824 1536 859 etiam

100 887 183 921 ·hoc
207 887 300 920 lacte
325 887 535 931 protulisse‹
567 892 726 921 testetur.
779 886 951 930 Idemque
977 898 997 920 e
1022 887 1113 920 libro
1138 886 1182 919 de
1208 885 1465 930 orthographia
1489 885 1534 919 K.

113 947 262 990 V1195,
295 955 334 989 13
362 947 497 983 elucet:
528 947 633 983 »lactt
660 947 742 981 licet
775 946 958 991 quidam
995 951 1128 990 negent
1160 945 1242 979 illud
1277 956 1406 979 nornen
1440 951 1539 980 muta

113 1018 221 1052 posse
248 1007 350 1048 finiri,
379 1013 415 1042 et
440 1008 522 1042 ideo
548 1008 667 1042 dicant
697 1008 788 1041 lacte
814 1017 892 1040 esse
924 1006 1124 1046 dicendum,
1159 1017 1231 1040 non
1266 1007 1319 1041 lac
1350 1012 1411 1041 aut
1434 1007 1536 1041 lact«.

98 1067 232 1111 χΩιιίἀῗ
269 1068 367 1112 quod
402 1068 531 1101 Plinius
569 1069 645 1112 ipse
678 1068 713 1101 in
747 1072 817 1102 nat.
850 1067 927 1102 hist.
973 1067 1174 1112 conpluries
1215 1067 1347 1100 ›lacte‹
1389 1067 1537 1100 {ormam

113 1133 278 1174 usurpat:
312 1135 364 1172 15,
398 1137 455 1173 53.
484 1137 539 1171 24,
564 1137 641 1164 100.
671 1137 726 1169 20,
754 1129 823 1173 67;
856 1130 934 1172 183.
964 1138 1020 1172 23,
1049 1128 1126 1164 126.
1147 1135 1202 1171 30.
1227 1135 1302 1171 123.
1354 1127 1539 1162 Praeterea

114 1190 148 1223 in
182 1189 252 1223 hoc
283 1189 385 1226 titulo
420 1190 532 1233 Trogi
564 1190 646 1234 (»de
681 1190 932 1234 animalibus«)
967 1183 1183 1229 mentio'fit‚
1219 1189 1278 1234 qui
1303 1194 1379 1222 tota
1405 1188 1540 1222 Charisi

113 1254 189 1284 arte
215 1249 327 1284 semel
354 1254 489 1283 tantum
518 1250 603 1283 alias
630 1251 727 1295 (137,
757 1252 793 1296 9)
819 1250 928 1295 idque
946 1261 967 1284 a
992 1249 1117 1289 Plinio,
1145 1249 1203 1293 qui
1231 1259 1275 1283 eo
1301 1249 1336 1282 in
1361 1254 1429 1282 nat.
1458 1248 1538 1284 hist.

113 1311 232 1351 utitur,
269 1310 442 1347 laudatur.
494 1311 669 1359 Denique,
707 1316 745 1345 ut
779 1311 849 1345 hoc
881 1311 1023 1350 addam,
1057 1310 1180 1354 Unger
1216 1310 1282 1345 »de
1315 1310 1433 1355 Valgii
1458 1309 1539 1344 Rufi

113 1367 310 1417 poematis«
348 1381 383 1415 p.
428 1372 495 1406 180
528 1382 653 1405 omnes
678 1372 800 1415 Valgii
834 1371 1021 1406 citationes
1057 1371 1153 1416 apud
1186 1370 1381 1405 Charisium
1415 1371 1538 1410 Plinio,

114 1432 173 1477 qui
199 1443 282 1466 eum
308 1432 417 1466 etiam
442 1432 476 1466 in
501 1438 572 1467 nat.
599 1432 680 1467 hist.
708 1438 852 1467 secutus
878 1437 942 1472 est,
978 1432 1098 1466 deberi
1125 1432 1326 1477 suspicatus
1351 1437 1414 1468 est.
1466 1432 1539 1467 Sed

114 1493 149 1526 in
180 1493 387 1527 universum
421 1492 490 1527 hoc
523 1493 677 1538 probare
709 1503 869 1536 nequeo:
908 1493 1048 1526 tametsi
1082 1493 1117 1526 id
1144 1493 1412 1527 concedendum
1438 1499 1537 1538 puto,

113 1564 158 1588 ea
191 1565 283 1599 quae
323 1553 388 1588 »de
423 1553 528 1588 rebus
566 1565 630 1600 per
662 1553 851 1599 epistolam
888 1553 1091 1598 quaesitis«,
1124 1553 1169 1587 ad
1204 1565 1294 1599 quas
1321 1559 1359 1588 ut
1390 1563 1465 1597 143,
1493 1562 1536 1598 25

113 1617 164 1649 ita
201 1620 323 1649 noster
360 1626 503 1659 quoque
541 1615 640 1649 locus
676 1615 867 1661 pertinere*
891 1615 1033 1654 videtur
1070 1614 1125 1659 (cf.
1161 1614 1309 1654 Teuffel,
1336 1615 1440 1651 Rom.
1468 1615 1536 1651 Lit.

115 1678 138 1720 ξ
167 1684 247 1718 241,
275 1676 319 1720 3).
356 1674 572 1715 adferantur,
606 1675 716 1709 Plinio
753 1673 871 1709 danda
905 1686 993 1715 esse,
1027 1675 1081 1708 cui
1108 1675 1226 1719 Valgii
1259 1676 1430 1709 memoria
1460 1683 1536 1719 135.

121 1744 165 1778 23
191 1736 236 1780 (v,
263 1746 298 1778 p.
329 1736 391 1780 20)
415 1740 451 1769 et
482 1744 557 1779 143,
586 1743 629 1780 25
659 1736 820 1771 debetur.
870 1734 989 1779 Quare
1014 1736 1131 1775 etiam,
1167 1736 1264 1780 quod
1290 1741 1409 1776 restat,
1440 1747 1538 1770 ›suo-

115 1795 317 1830 vetaurilia‹
353 1797 428 1836 108,
459 1797 503 1830 28
528 1796 576 1830 ab
600 1796 658 1830 illo
684 1797 936 1841 depromptum
962 1806 1040 1829 esse
1065 1796 1256 1831 arbitratus
1280 1797 1365 1831 sim:
1394 1797 1439 1831 de
1465 1807 1536 1841 qua

112 1868 150 1892 re
184 1857 253 1891 iarn
279 1856 424 1892 Verrius
456 1857 602 1892 Flaccus
634 1858 703 1904 (ap.
733 1857 878 1892 Festum
905 1868 939 1902 p.
969 1865 1037 1900 293
1064 1859 1096 1902 a)
1123 1857 1281 1893 similiter
1306 1849 1528 1892 disseruerat.

113 1938 149 1943 ——
186 1918 364 1959 Ceterum,
397 1923 436 1952 ut
469 1919 514 1952 ad
546 1918 649 1953 Char.
691 1927 767 1959 102,
802 1929 826 1961 4
860 1923 1027 1961 revertar,
1066 1919 1133 1953 illic
1165 1919 1270 1964 Valgi
1296 1919 1399 1954 Verri
1427 1919 1538 1964 Trogi

112 1980 310 2015 sententiae
343 1985 507 2015 servatae
539 1986 632 2022 sunt,
668 1980 751 2024 quia
776 1980 961 2014 Romanus
995 1981 1041 2015 ab
1074 1981 1153 2026 ipso
1178 1980 1286 2015 Plinio
1312 1991 1376 2014 sua
1402 1980 1536 2025 petivit,

95 2029 185 2074 vnon
212 2041 296 2074 item
324 2042 431 2075 ceteri
459 2041 518 2084 qui
544 2041 671 2074 similia
695 2040 877 2085 praebent.

229 2101 287 2135 Ex
319 2102 371 2135 eis
409 2112 500 2145 quae
534 2111 641 2146 supra
676 2102 749 2136 dixi
775 2102 883 2136 etiam
916 2102 1044 2147 capitis
1069 2102 1135 2136 XV
1163 2101 1272 2141 locos,
1301 2102 1428 2144 quibus
1454 2100 1538 2136 Cae—

112 2161 199 2195 saris
232 2162 276 2195 de
310 2162 474 2205 analogia
507 2161 616 2198 libros
648 2162 814 2196 laudatos
842 2162 1069 2201 invenimus,
1101 2162 1212 2196 Plinio
1246 2161 1432 2206 adsignare
1466 2172 1537 2194 non

112 2221 248 2257 dubito.
308 2221 471 2266 Quorum
505 2222 594 2257 alter
630 2223 774 2269 ›panis‹
810 2232 876 2267 90,
910 2231 925 2266 5
962 2234 1042 2257 cum
1078 2235 1107 2259 c.
1135 2222 1235 2257 XVII
1266 2231 1349 2265 141,
1377 2231 1424 2256 20
1457 2233 1538 2257 con·

112 2282 207 2322 cinit,
236 2282 325 2316 alter
356 2291 511 2325 110,‘23
539 2284 585 2317 de
608 2284 823 2328 pronomine
853 2284 992 2317 ›idem‹
1020 2284 1102 2326 agit.
1154 2283 1316 2327 Utroque
1342 2283 1422 2316 loco
1448 2284 1540 2317 sicut

113 2341 147 2376 in
175 2341 276 2377 XVII
302 2342 419 2388 capite
443 2344 620 2378 secundus
646 2344 735 2378 liber
760 2343 959 2389 descriptus
985 2348 1048 2378 est.

135 2400 141 2408 '
230 2403 368 2438 Eadem
402 2415 510 2449 quam
542 2405 611 2439 iam
638 2406 698 2439 inii
728 2405 787 2438 via
810 2415 1020 2449 progressus
1047 2395 1214 2439 nonnulla
1238 2404 1306 2439 alia
1331 2404 1441 2439 Plinio
1467 2405 1536 2439 vin-

113 2463 233 2498 dicare
258 2464 426 2514 conabor.
471 2465 563 2499 Nam
591 2476 682 2509 quae
708 2465 804 2509 apud
830 2463 1027 2499 Charisium
1054 2465 1130 2499 sive
1154 2464 1274 2510 potius
1300 2465 1397 2509 apud
1423 2465 1539 2500 solum

1698 0 1718 29 *⁴

1743 76 1747 78 Α
1718 0 1751 59 fd}
