1751 2750
116 225 239 274 Atque
266 241 347 264 cum
374 229 408 264 in
426 230 579 264 Romani
605 230 649 263 de
677 230 842 274 analogia
863 230 979 273 capite
1004 229 1240 264 Plinianarum
1261 229 1443 275 copiarum
1461 222 1546 267 usus
1561 269 1563 271 ,
1581 228 1590 269 ’;

115 296 189 324 tam
217 291 287 325 late
313 296 440 335 pateat
476 296 512 324 et
536 302 555 323 e
595 290 797 324 conlatione
822 291 856 324 in
882 291 951 325 XV
976 301 1121 334 quoque
1155 291 1272 335 capite
1305 290 1472 325 nonnulla
1498 283 1559 326 abj
1588 322 1590 325 ,

116 351 245 385 eodem
273 350 511 395 grammatico
537 350 650 395 petita
677 362 757 384 esse
793 351 940 392 eluceat,
965 357 1047 384 ante
1078 350 1198 383 omnia
1222 350 1327 384 nobis
1354 346 1546 384 diiudicanss
1571 353 1573 356 “

116 412 201 445 dum
226 416 290 451 est,
321 423 415 456 quae
442 411 530 444 ratio
558 412 649 445 inter
674 411 763 445 haec
788 412 860 444 duo
887 411 1005 456 capita
1030 410 1233 444 intercedat.

231 473 288 506 Ae
314 473 469 517 primum
495 473 639 517 quidem
666 472 847 506 Keilius
882 473 916 505 in
951 470 1059 516 praef.
1087 470 1190 510 Char.
1227 482 1260 515 p.
1290 470 1423 505 XLVII
1460 481 1544 505 non-

116 533 227 566 nullas
265 533 393 577 capitis
426 533 494 567 XV
529 534 797 567 observationes
834 544 853 566 e
879 533 1031 566 Romani
1064 532 1109 566 de
1142 532 1315 576 analogia,
1350 531 1466 576 plures
1501 542 1547 573 ex

116 594 276 627 eiusdem
303 595 349 627 de
375 594 556 627 consortio
582 604 728 627 casuum
763 593 853 627 libro
888 593 1018 637 petitas
1053 603 1130 626 esse
1167 592 1327 628 coniecit.
1380 591 1546 626 Ceterum

115 654 202 697 quid
237 655 283 687 ab
319 655 398 698 ipso
431 654 597 687 Romano
633 654 811 687 Charisius
838 654 871 686 in
898 665 927 688 c.
965 653 1034 686 XV
1070 658 1250 686 mutuatus
1285 653 1339 691 sit,
1380 652 1466 695 quid
1502 663 1547 685 ex

116 713 190 747 eius
217 713 374 747 fontibus
401 713 595 758 adceperit,
626 724 692 757 pro
720 718 818 746 certo
844 713 985 746 decerni
1011 723 1118 756 posse
1144 717 1261 755 negat.

233 773 352 817 Quam
379 785 453 807 rem
479 779 673 807 retractans
700 772 1046 807 Schottmiiller
1071 772 1090 806 l.
1118 772 1136 806 l.
1165 784 1200 816 p.
1229 780 1274 805 20
1296 783 1372 817 sqq.
1407 776 1548 815 praeter

117 835 322 868 Romanum
349 834 548 868 Charisium
584 834 618 867 in
646 845 673 867 c.
702 834 770 867 XV
795 833 1015 867 Palaemonis
1047 839 1121 867 arte
1161 843 1264 866 usum
1299 843 1378 865 esse
1404 837 1545 878 censet;

116 895 283 934 nonnulla
309 895 416 928 etiam
443 895 561 939 ipsum
589 894 768 928 addidisse
793 895 913 928 videri.

234 956 380 989 Prorsus
420 955 598 989 diversam
639 955 843 999 opinionem
881 955 1067 999 amplexus
1106 960 1160 988 est
1202 954 1374 993 Christ,
1414 953 1474 997 qui
1512 952 1548 986 in

116 1016 236 1061 philol.
273 1016 339 1049 vol.
378 1016 494 1050 XVIII
522 1026 556 1058 p.
590 1024 653 1049 122
682 1027 759 1059 sqq.
797 1021 904 1058 caput
930 1016 998 1049 XV
1030 1027 1101 1048 non
1127 1027 1146 1048 e
1179 1015 1343 1047 Romano
1379 1014 1545 1059 pendere,

117 1077 181 1110 sed
220 1077 337 1109 eidem
377 1088 449 1120 quo
487 1076 544 1108 hic
584 1087 667 1108 usus
706 1080 799 1108 esset
837 1076 958 1109 deberi
992 1075 1138 1114 auctori,
1168 1074 1238 1109 scil.
1267 1074 1388 1108 Flavio
1416 1074 1544 1117 Capro,

118 1136 272 1180 probare
300 1141 449 1169 conatus
475 1141 539 1170 est.
593 1135 622 1168 E
648 1146 720 1179 quo
748 1134 844 1169 fonte
879 1141 995 1169 totum
1029 1135 1101 1169 fere
1129 1123 1237 1177 caput
1262 1134 1406 1167 fluxisse
1433 1138 1547 1178 putat.

236 1196 402 1239 Denique
441 1195 689 1229 Morawski
714 1197 763 1229 'in
804 1196 959 1229 Hermae
998 1196 1065 1228 vol.
1107 1195 1167 1228 XI.
1194 1206 1227 1238 p.
1266 1203 1337 1237 339
1368 1205 1446 1238 sqq.
1474 1204 1548 1227 rem

119 1256 237 1289 denuo
263 1256 455 1299 adgressus
488 1255 557 1289 hoc
596 1261 690 1289 recte
725 1256 822 1295 vidit,
857 1255 984 1290 Christi
1020 1256 1226 1299 opinionem
1259 1255 1361 1288 unius
1396 1255 1548 1288 auctoris

118 1321 212 1349 stare
240 1327 311 1349 non
347 1327 454 1359 posse
489 1321 526 1349 et
553 1316 871 1349 Schottmullerum
903 1322 1046 1349 secutus
1073 1317 1294 1349 Palaemonis
1327 1317 1548 1359 aliorumque

117 1381 238 1421 partes
274 1376 436 1410 secrevit.
491 1375 573 1410 Hoc
612 1381 731 1410 autem
769 1376 909 1420 posuit:
945 1382 1062 1411 totum
1097 1388 1125 1410 c.
1154 1376 1221 1411 XV
1255 1377 1290 1410 in
1315 1376 1405 1410 duas
1431 1380 1549 1420 partes

118 1447 197 1470 esse
223 1437 463 1476 dividendum,
496 1438 649 1481 priorem
675 1438 756 1470 inde
782 1449 803 1470 a
828 1450 860 1482 p.
892 1446 935 1480 50
962 1449 1072 1482 usque
1097 1438 1142 1470 ad
1168 1450 1203 1482 p.
1231 1438 1288 1480 63,
1319 1447 1349 1480 7,
1378 1437 1548 1481 posterio-

119 1507 193 1530 rem
220 1496 301 1530 hine
327 1508 440 1541 usque
468 1498 513 1530 ad
540 1497 646 1530 finem
673 1499 925 1542 pertinentem.
982 1498 1111 1531 Prioris
1144 1498 1253 1542 partis
1283 1502 1465 1531 auctorem
1500 1497 1549 1530 eis

119 1557 205 1592 locis
241 1558 370 1602 quibus
394 1559 581 1592 Romanus
617 1559 856 1593 nominaretur
893 1559 962 1593 hoc
985 1570 1078 1593 esse
1118 1570 1228 1599 usum,
1269 1564 1393 1592 contra
1431 1545 1573 1592 cetera*

121 1628 212 1661 quae
238 1619 381 1651 nomine
408 1618 543 1651 omisso
568 1629 648 1652 cum
675 1619 842 1653 Romano
877 1625 1111 1664 congruerent
1138 1631 1157 1652 a
1184 1619 1345 1653 Charisio
1381 1619 1459 1663 ipso
1492 1618 1549 1651 ad-

119 1678 193 1712 dita
227 1689 304 1712 esse
352 1690 465 1723 eaque
497 1690 542 1712 ex
573 1691 616 1713 eo
656 1679 753 1713 fonte
788 1691 833 1713 ex
860 1691 932 1725 quo
972 1681 1005 1713 in
1032 1680 1141 1714 altera
1168 1685 1268 1725 parte
1295 1680 1464 1724 pleraque
1492 1690 1548 1715 ex,

119 1739 327 1783 scripsisset,
354 1740 425 1773 scil.
455 1740 609 1773 Romani
636 1740 745 1784 ipsius
780 1746 935 1774 auctore.
990 1742 1131 1774 Praeter
1162 1741 1256 1774 hunc
1286 1751 1372 1774 vero
1404 1729 1548 1773 conmu-

120 1809 202 1832 nem
229 1799 373 1838 sontem,
403 1800 496 1833 unde
524 1800 689 1844 exempla
707 1801 932 1844 potissimum
959 1807 1103 1845 sumpta
1129 1806 1258 1840 essent,
1299 1799 1549 1839 Palaemonem

120 1871 140 1893 a
166 1859 328 1894 Charisio
356 1871 433 1894 esse
459 1860 674 1895 adhibitum:
704 1861 760 1894 cui
787 1862 907 1896 deberi
931 1862 1069 1906 regulas
1094 1862 1277 1906 generales
1294 1860 1329 1905 ¹).
1552 1895 1556 1897 .

237 1920 370 1963 Magna
396 1932 480 1954 sane
504 1921 687 1964 diligentia
705 1922 894 1956 Morawski
922 1923 1079 1956 ostendit
1097 1923 1257 1956 diversos
1281 1921 1396 1954 fontes
1424 1918 1549 1954 mistos

114 1988 197 2015 'esse
223 1986 259 2014 et
285 1980 414 2015 Christi
448 1982 660 2016 sententiam
694 1983 766 2016 iure
801 1982 976 2019 refutavit.
1029 1983 1152 2029 Atque
1188 1982 1285 2026 quod
1312 1982 1381 2015 iam
1407 1980 1548 2015 Schott-

120 2041 244 2075 muller
270 2047 366 2075 recte
391 2043 571 2082 iudicavit,
598 2043 819 2077 Palaemonis
844 2044 879 2077 in
906 2055 935 2077 c.
962 2044 1031 2078 XV
1058 2049 1154 2077 certa
1186 2044 1302 2076 inesse
1326 2041 1486 2086 vestigia,
1513 2042 1549 2076 id

120 2101 309 2134 Morawski
344 2103 521 2145 excerptis
556 2113 646 2145 quae
680 2104 844 2136 dicuntur
878 2103 1092 2137 Charisianis
1132 2103 1279 2136 conlatis
1315 2101 1547 2137 confirmavit.
1577 2119 1579 2123 ¹

120 2160 283 2196 Profecto
310 2163 553 2207 unusquisque
585 2163 786 2207 diligentius
821 2164 992 2208 indagans
1025 2176 1069 2198 ex
1101 2163 1351 2198 nonnullorum
1381 2174 1547 2208 praecep·

120 2226 239 2255 toru'm
264 2223 402 2256 diversa
429 2224 652 2267 repetitione,
690 2235 735 2256 ex
766 2225 898 2268 apertis
930 2225 1184 2269 discrepantiis,
1225 2224 1378 2267 denique
1404 2235 1423 2257 e
1448 2223 1547 2256 vario

120 2283 261 2317 dicendi
287 2294 417 2328 genere
435 2283 505 2318 hoc
523 2289 632 2330 caput
657 2285 759 2320 unius
778 2286 932 2320 hominis
959 2298 1050 2332 opus
1075 2297 1153 2320 esse
1171 2284 1315 2330 nequire
1340 2288 1547 2329 cognoscet.

245 2410 262 2449 ¹)
286 2411 327 2439 Cf.
350 2412 431 2438 etiam
455 2412 519 2439 Keil
540 2422 579 2447 gr.
603 2413 634 2439 L.
657 2414 710 2440 VII
732 2424 759 2450 p.
786 2414 820 2449 87
847 2424 904 2452 sqq.
