1751 2750
854 154 896 188 16

157 272 284 306 eadem
309 273 533 317 quaestione)
563 283 654 316 »ego
688 277 808 306 autem
844 275 1054 306 neutrum
1088 272 1202 318 probo
1229 282 1294 305 nec
1319 277 1432 318 puto
1458 282 1586 318 panem

157 333 279 379 plurali
307 344 456 368 numero
483 333 576 368 dici
612 344 768 379 posse,
802 333 972 378 quoniam
1009 333 1111 367 unica
1146 344 1202 367 res
1236 338 1289 367 est
1315 339 1351 367 et
1376 334 1422 367 ad
1446 333 1588 379 pondus
1630 352 1632 356 v
1687 326 1751 388 ss‘ss-j‘

150 390 339 439 redigitur,
369 406 434 429 nec
468 395 658 440 quisquam
690 400 852 428 veterum
888 395 952 428 nisi
984 394 1207 438 singulariter
1240 394 1363 434 dixit«,
1401 394 1480 438 quis
1513 394 1587 428 iure

158 455 298 489 dubitet
323 466 409 489 num
435 467 463 489 c.
484 456 553 490 XV
569 461 693 490 auctor
718 467 737 490 e
765 456 916 490 Romani
943 456 1032 490 libro
1060 456 1126 489 ista
1143 455 1252 489 verba
1277 454 1520 499 exscripserit?
1540 475 1586 494 ε

275 515 478 555 Morawski,
515 522 553 550 ut
587 517 657 550 iam
691 517 855 557 diximus,
883 517 904 552 1.
939 517 957 552 1.
987 530 1020 562 p.
1047 523 1111 560 351
1144 521 1239 549 recte
1263 515 1471 550 observavit
1498 516 1531 549 in
1555 527 1585 549 c.

159 576 228 623 XV
254 587 521 620 nonnumquam
560 577 758 610 »literarum
796 578 956 610 ordinem
992 576 1273 622 alphabeticum«
1311 582 1461 617 exstare,
1495 576 1587 610 adeo

159 636 194 669 in
220 637 271 670 eis
296 648 388 681 quae
415 648 496 671 cum
522 649 550 671 c.
578 637 679 671 XVII
705 643 913 681 congruant.
968 637 1092 682 Neque
1118 648 1201 671 casu
1229 636 1361 670 sactum
1387 647 1465 670 esse
1490 635 1583 670 vide-

158 702 216 731 tur
241 698 339 741 quod
366 710 399 743 p.
428 705 474 741 70
499 709 552 743 sq.
584 698 739 743 »pubes«
770 703 806 732 et
836 698 996 732 »Patavi«
1028 697 1157 732 eodem
1186 698 1311 732 ordine
1337 708 1409 742 quo
1435 708 1464 732 c.
1484 695 1585 731 XVII

158 769 193 803 p.
227 766 293 799 140
319 769 384 802 sq.‚
413 764 449 792 et
475 771 507 804 p.
537 760 581 802 87
625 758 777 792 »femur«
808 764 842 792 et
868 779 913 783 -—
940 764 1022 804 post
1055 758 1220 792 nonnulla
1245 757 1514 791 Palaemoniana
1539 776 1584 782 —

164 817 328 861 »gluten«
370 819 500 852 eodem
537 820 662 853 ordine
697 831 770 863 quo
808 832 840 864 p.
888 829 948 862 131
991 830 1070 852 sese
1109 819 1297 864 excipiunt.
1350 818 1444 861 Quid
1479 817 1586 851 vero?

159 888 277 912 nonne
302 878 385 912 inde
410 879 517 913 etiam
543 879 736 914 luculenter
762 879 909 925 adparet
934 879 1059 924 capitis
1076 878 1145 913 XV
1163 878 1297 913 sontem
1324 878 1431 912 fuisse
1455 878 1584 912 Roma-

158 949 254 978 num,
282 939 381 973 cuius
406 939 515 973 libros
531 940 582 973 sic
607 941 767 984 digestos
793 940 898 973 fuisse
924 945 1060 973 certum
1087 945 1151 975 est.
1202 940 1294 973 Nam
1321 944 1360 972 ut
1383 938 1586 973 Romanum

158 1009 230 1032 non
263 1010 309 1033 ex
342 1000 458 1033 indice
494 1000 776 1044 »alphabetico«,
812 1000 875 1033 sed
909 1000 955 1034 ab
989 1000 1073 1045 ipsis
1107 1000 1310 1033 auctoribus
1342 1009 1407 1033 sua
1441 999 1585 1045 petiisse

158 1059 283 1100 elucet,
319 1060 368 1094 ita
400 1072 484 1094 eum
517 1061 644 1107 ipsum,
677 1072 748 1095 non
785 1061 984 1095 Charisium
1019 1061 1175 1100 demum,
1211 1060 1389 1094 literarum
1425 1060 1585 1094 ordinem

158 1108 348 1153 instituisse
376 1121 609 1154 demonstrari
637 1127 765 1167 potest.
819 1121 975 1155 Primum
1012 1122 1103 1155 enim
1139 1121 1247 1154 etiam
1284 1121 1318 1154 in
1350 1125 1502 1154 tractatu
1540 1120 1585 1154 de

157 1180 328 1214 adverbio
350 1181 505 1214 eundem
531 1181 692 1215 ordinem
727 1182 913 1221 cernimus,
947 1192 1055 1226 quem
1091 1181 1156 1214 illic
1189 1181 1334 1224 quidem
1367 1192 1388 1214 a
1414 1181 1580 1215 Romano

159 1233 342 1274 conditum
383 1252 462 1274 esse
500 1242 609 1287 ipsius
643 1242 761 1276 verbis
799 1255 830 1287 p.
873 1251 949 1284 194,
996 1251 1037 1284 19
1070 1242 1126 1285 (cf.
1164 1251 1240 1285 190,
1277 1243 1309 1286 8)
1346 1241 1583 1286 conperimuS.

159 1300 300 1334 Deinde
332 1301 501 1335 lemmata
532 1303 735 1347 anteposita
767 1313 838 1335 non
870 1302 985 1335 solum
1012 1302 1045 1335 in
1072 1313 1101 1337 c.
1126 1302 1227 1336 XVII
1252 1302 1484 1340 inveniuntur,
1519 1301 1584 1334 sed

158 1361 266 1395 etiarn
292 1361 352 1395 ubi
378 1361 463 1395 alias
489 1362 626 1407 singula
652 1362 838 1407 eliguntur,
865 1362 962 1397 velut
988 1375 1020 1408 p.
1048 1363 1105 1403 61,
1134 1363 1175 1398 6:
1218 1363 1422 1396 »Romanus
1452 1362 1500 1395 ita
1535 1372 1584 1394 re-

158 1421 233 1458 fert.
261 1422 370 1457 Mare.
399 1423 536 1457 Varro«
567 1435 597 1459 e.
626 1435 658 1468 q.
686 1435 713 1459 s,
742 1425 802 1469 (z
835 1433 910 1468 137,
946 1426 1009 1468 12),
1038 1436 1068 1469 p.
1094 1432 1169 1465 114,
1204 1433 1232 1459 1:
1264 1423 1468 1457 »Romanus
1494 1421 1583 1456 libro

156 1484 201 1517 de
228 1483 392 1528 analogia
418 1484 466 1518 ita
490 1485 622 1529 inquit:
650 1485 798 1525 Alacris,
825 1485 926 1519 licet«
956 1497 985 1519 e.
1012 1497 1045 1529 q.
1073 1496 1098 1519 s,
1137 1485 1231 1518 Tum
1256 1495 1340 1517 vero
1365 1484 1400 1517 in
1426 1495 1454 1519 e.
1481 1483 1581 1517 XVII

156 1554 220 1577 eos
244 1543 342 1578 locos
367 1544 496 1589 quibus
522 1544 569 1578 ad
593 1545 676 1578 alias
703 1545 822 1580 literas
848 1545 1047 1590 relegamur
1072 1556 1093 1578 a
1119 1545 1294 1585 Romano,
1323 1555 1394 1578 non
1420 1555 1441 1578 a
1465 1543 1583 1578 Chari-

155 1604 220 1644 sio,
248 1604 430 1650 profectos
455 1617 532 1639 esse
559 1606 635 1640 sine
664 1607 776 1640 dubio
795 1606 1071 1641 existimandum
1100 1612 1164 1645 est,
1193 1606 1401 1651 praesertim
1428 1605 1457 1638 si
1476 1625 1520 1630 —
1548 1609 1586 1637 ut

157 1665 295 1704 similia,
321 1665 450 1710 quibus
477 1666 523 1699 ad
551 1665 638 1699 alios
672 1677 757 1700 suos
795 1667 903 1701 libros
936 1668 1120 1701 Romanus
1154 1665 1303 1709 relegat,
1329 1665 1514 1699 mittamus
1542 1685 1585 1690 —-

157 1738 189 1769 p.
225 1733 301 1769 137,
335 1728 375 1760 18
403 1727 572 1771 respicias
614 1733 760 1761 »contra
797 1727 993 1761 finitionem
1033 1739 1140 1771 quam
1177 1727 1263 1760 sub
1295 1726 1436 1761 titulo
1469 1725 1586 1759 ruris

156 1786 265 1820 dixit«
305 1787 392 1832 (scil.
428 1787 591 1832 Plinius):
631 1799 725 1833 quae
758 1789 868 1822 verba
894 1789 1019 1822 eadem
1046 1789 1151 1822 etiam
1179 1788 1213 1821 in
1244 1799 1273 1821 c.
1296 1787 1370 1821 'XV
1394 1800 1426 1832 p.
1456 1787 1512 1826 61,
1544 1795 1580 1819 11

156 1847 336 1892 exscripta
362 1848 564 1892 reperimus,

274 1907 348 1942 Sed
380 1919 593 1952 quaeramus
630 1909 700 1942 iam
731 1927 772 1935 ⁴-—
798 1910 848 1943 eis
879 1921 969 1954 quae
1002 1903 1205 1943 Palaemoni
1241 1909 1416 1942 debentur
1446 1908 1586 1942 omissis

158 1989 203 1993 -—
228 1978 312 2002 num
339 1969 399 2013 qui
425 1968 511 2002 alius
535 1969 691 2004 Romani
715 1970 803 2004 liber
827 1976 967 2016 praeter
1000 1976 1191 2004 tractatum
1227 1970 1272 2003 de
1304 1968 1469 2013 analogia
1495 1969 1528 2003 in
1554 1981 1582 2003 c.

154 2028 224 2062 XV
258 2028 437 2062 adhibitus
471 2030 525 2063 sit.
578 2030 792 2064 Tractantur
824 2032 979 2071 nomina,
1014 2031 1193 2070 adverbia,
1220 2029 1499 2066 coniunctiones.
1528 2028 1585 2063 De

157 2089 334 2124 adverbiis
357 2095 479 2124 autem
504 2092 684 2135 quaeritur
711 2092 765 2126 his
792 2093 948 2126 maxime
973 2092 1058 2126 locis
1086 2102 1177 2136 quos
1195 2091 1374 2125 indicabo:
1396 2104 1428 2137 p.
1451 2098 1505 2135 79,
1531 2099 1583 2127 10.

157 2151 229 2195 (81,
256 2151 306 2194 6).
334 2153 390 2190 81,
418 2153 475 2188 28.
503 2153 590 2196 (30).
627 2162 703 2192 101,
744 2162 771 2188 1.
812 2162 888 2195 109,
928 2162 979 2186 10.
1020 2152 1138 2196 Quid?
1176 2152 1272 2195 quod
1308 2151 1436 2185 horum
1473 2151 1586 2185 nullus

157 2210 191 2243 in
215 2211 370 2245 Romani
396 2211 449 2245 de
477 2212 705 2246 adverbio
730 2218 881 2247 tractatu
908 2225 978 2247 non
997 2213 1177 2259 reperitur,
1195 2205 1335 2246 'eodem
1364 2212 1435 2246 sere
1462 2212 1586 2246 ordine

157 2276 193 2304 et
220 2283 333 2317 prope
360 2273 497 2306 eisdem
524 2273 696 2319 exemplis
723 2274 940 2308 inlustratus.
994 2273 1124 2308 Confer
1149 2274 1243 2307 enim

333 2344 368 2377 p.
397 2340 452 2375 79,
487 2341 533 2366 10
553 2344 633 2366 cum
670 2346 701 2378 p.
742 2342 817 2377 195,
858 2343 897 2367 12
933 2334 1097 2380 ampliter
1130 2334 1244 2378 (›sed
1276 2339 1467 2369 veteres
1500 2332 1587 2366 hoc

391 2403 479 2427 non
506 2387 925 2442 observaverunt«)
952 2400 987 2429 et
1019 2403 1094 2438 197,
1125 2404 1168 2428 22
1197 2395 1337 2434 duriter,

335 2455 390 2494 81,
443 2454 466 2488 6
521 2466 602 2489 cum
655 2458 735 2497 218,
768 2466 802 2490 11
859 2457 1004 2498 sincere,
