1751 2750
854 153 894 189 52

146 260 387 305 praecipitor«
417 265 453 296 et
479 265 666 307 praeterea
696 266 881 297 ›avertor‹
912 261 1117 305 ibidemque
1142 259 1157 295 1
1182 270 1214 304 4.
1236 259 1368 295 »bellot
1393 259 1581 306 populor,‹

145 333 299 366 quorum
324 322 502 365 posterius
529 323 637 356 etiam
664 322 769 358 Prisc.
797 323 827 356 11
853 323 933 366 364,
967 331 1009 356 10
1039 322 1199 365 praebet.
1251 321 1358 356 Unde
1383 320 1582 355 Priscianus

145 381 178 417 ll.
205 382 250 422 11.,
279 383 486 425 praesertim
521 382 650 427 quibus
683 382 760 416 sola
795 382 1000 427 Vergiliana
1035 393 1149 427 eaque
1176 388 1276 417 extra
1310 382 1496 417 literar-um
1531 391 1583 415 or-

148 443 269 476 dinem
296 448 553 487 proponantur,
582 443 718 487 Vergili
737 433 1007 477 commentatore
1034 444 1061 476 si
1088 444 1206 477 minus
1226 443 1363 483 Servio,
1383 442 1584 486 antiquiore

145 502 299 535 sortasse
324 503 482 546 quodam
509 514 592 535 usus
619 513 698 536 esse
724 493 939 546 coarguitur.
993 502 1116 547 Atque
1142 513 1229 536 sane
1255 507 1397 547 praeter
1416 500 1584 536 Servium

146 562 256 598 etiam
283 562 418 596 Donati
445 562 675 596 conmentarii
701 563 734 596 in
770 563 968 606 Vergilium
1001 563 1047 597 ab
1080 573 1124 596 eo
1157 562 1346 596 laudantur
1383 562 1415 596 11
1440 561 1499 600 61.
1522 569 1579 595 20.

150 622 230 660 266,
266 622 317 654 16.
372 622 618 664 Eiusdemque
645 623 792 664 originis
818 622 917 666 plura
943 622 1148 664 Vergiliana
1175 627 1275 654 extra
1307 621 1435 654 seriem
1469 620 1582 652 litera-

145 690 223 714 rum
249 680 368 724 posita
395 680 503 715 credo
530 692 618 721 esse,
645 681 742 715 velut
767 693 801 726 p.
830 688 912 725 395,
941 682 986 716 26
1016 692 1194 724 »mereo«,
1221 681 1319 725 quod
1345 692 1426 715 cum
1453 679 1580 714 Servio

144 741 191 774 ad
217 741 310 776 Aen.
339 741 387 774 IX
415 742 485 783 256
513 747 549 775 et
576 742 626 774 IV
654 744 697 775 82
736 742 811 786 (ubi
846 743 952 775 etiam
981 742 1146 775 Lucanus
1181 742 1356 784 laudatur)
1396 745 1581 775 consonat.

148 800 290 833 Deinde
314 800 358 835 cf.
387 800 491 833 Prisc
522 808 601 844 397.
637 809 676 836 12
709 801 840 834 »dureo
867 801 994 834 duror«
1027 811 1108 835 cum
1133 800 1231 837 Serv.
1259 801 1304 835 ad
1332 799 1466 846 Georg.
1493 799 1507 833 I
1535 808 1578 844 91

147 866 183 895 et
209 860 315 896 Prisc.
347 863 428 903 398,
458 863 478 894 8
520 861 660 906 ›liqueo
687 862 821 905 liquor«
864 873 947 906 cum
975 862 1073 895 Serv.
1101 863 1193 897 Aen.
1229 863 1275 895 111
1309 863 1353 894 28
1381 866 1417 894 et
1449 860 1582 902 Georg.

148 920 162 952 1
187 929 246 961 44,
276 931 383 963 quem
409 920 526 952 locum
554 920 704 953 laudans
740 921 936 954 Priscianus
972 931 1042 954 non
1068 921 1183 954 minus
1218 931 1326 964 quam
1361 919 1506 952 Servius
1538 918 1584 952 de

151 980 351 1023 quantitate
379 980 387 1013 i
426 980 546 1014 literae
582 981 741 1025 disputat
775 986 810 1014 et
845 981 943 1014 vocis
981 981 1255 1025 explicationem
1297 980 1405 1014 adicit
1438 979 1584 1024 (›>pede—

148 1040 315 1083 temptim
342 1040 566 1073 dissolvitur«
598 1062 642 1064 —
668 1040 830 1073 Servius:
877 1040 1022 1073 »defluit
1049 1041 1308 1085 [resolvitur]«),
1337 1050 1430 1083 quae
1456 1050 1475 1071 e
1501 1049 1582 1072 con-

148 1100 330 1132 mentariis
356 1100 476 1144 potius
502 1111 610 1144 quam
638 1111 657 1132 e
683 1099 789 1145 Capri
815 1100 906 1134 libro
932 1100 1144 1145 profluxisse
1170 1101 1342 1134 videntur.
1398 1099 1470 1133 Sed
1495 1098 1584 1132 haec

148 1160 321 1193 indicasse
347 1163 431 1193 satis
454 1161 506 1193 sit.
563 1161 637 1194 Iam
665 1172 750 1194 vero
770 1162 819 1194 eis
839 1172 932 1205 quae
957 1162 1001 1194 in
1028 1162 1152 1195 libro
1170 1161 1252 1195 VIII
1277 1172 1322 1194 ex
1346 1159 1451 1204 Capri
1469 1159 1582 1203 copiis

149 1220 276 1253 hausta
304 1220 537 1265 probabiliter
562 1221 673 1254 Plinio
700 1221 899 1255 tribuantur
924 1222 1158 1264 segregandis
1185 1231 1332 1265 operam
1358 1210 1499 1253 demus.-

265 1281 322 1313 Ac
347 1280 502 1324 primum
531 1281 676 1324 quidem
703 1281 736 1313 in
763 1281 954 1314 verborum
979 1281 1169 1325 generibus
1202 1281 1277 1314 sive
1318 1279 1580 1323 ›significa-

146 1340 373 1373 tionibus«
405 1340 615 1374 definiendis
642 1341 838 1374 Priscianus
864 1353 945 1374 cum
973 1341 1082 1375 Plinio
1109 1341 1294 1375 consentit.
1350 1340 1581 1373 Grammatici

147 1401 241 1433 enim
270 1401 484 1433 recentiores
511 1401 620 1444 volgo
646 1401 723 1446 plus
750 1402 822 1434 duo
857 1413 989 1444 genera
1023 1402 1302 1444 distinguebant,
1340 1401 1435 1433 velut
1469 1401 1504 1433 in
1534 1400 1580 1433 in-

146 1461 255 1494 stitut.
293 1466 355 1494 art.
394 1461 437 1494 K.
473 1461 524 1494 IV
561 1462 639 1504 156,
672 1470 714 1494 10
747 1466 841 1500 octo,
878 1462 911 1494 in
939 1461 1072 1495 Donati
1104 1466 1179 1495 arte
1206 1462 1286 1504 383,
1322 1470 1332 1493 1
1364 1465 1400 1493 et
1428 1466 1508 1503 359,
1538 1467 1580 1503 33

150 1521 308 1565 quinque
333 1533 465 1564 genera
492 1522 716 1566 totidemque
742 1522 839 1566 apud
865 1521 962 1556 Serv.
989 1522 1023 1555 in
1041 1522 1171 1555 Donat.
1200 1530 1283 1563 413,
1304 1528 1346 1563 35
1377 1525 1583 1554 enumerata

152 1581 358 1624 reperimus,
411 1581 545 1614 Contra
572 1582 723 1614 Plinium
751 1582 838 1614 duas
874 1586 1014 1614 tantum
1050 1580 1365 1625 »significationem
1396 1580 1584 1612 admisisse

150 1639 342 1683 Pompeius
379 1641 423 1675 K.
451 1641 485 1675 V
523 1648 602 1684 227,
644 1651 685 1685 23
722 1653 799 1687 sqq.
835 1641 1064 1684 maximeque
1099 1642 1180 1680 228.
1215 1649 1235 1682 4
1271 1640 1436 1674 distincte
1467 1639 1584 1676 docet.

149 1700 232 1744 Qua
259 1701 293 1734 in
320 1713 356 1735 re
384 1701 439 1734 ille
465 1702 634 1735 Varronis
661 1703 911 1736 auctoritatem
945 1707 1087 1735 secutus
1121 1707 1185 1740 est.
1222 1701 1282 1744 qui
1316 1701 1361 1733 de
1387 1700 1468 1743 ling.
1504 1699 1584 1734 Lat.

148 1760 182 1793 X
210 1769 253 1802 33
283 1773 317 1805 p.
349 1770 417 1804 247
445 1761 492 1794 M.
526 1761 718 1795 »faciendi«
750 1766 785 1795 et
816 1761 1015 1806 »patiendi«
1053 1762 1163 1795 verba
1194 1760 1362 1794 discernit
1390 1759 1448 1805 (cf.
1476 1760 1584 1794 etiam

150 1820 355 1865 Quintilian.
384 1822 433 1855 IX
460 1831 491 1865 3,
515 1822 561 1866 7).
591 1823 779 1867 Pompeius
804 1827 925 1856 autem
950 1823 995 1856 de
1021 1822 1107 1856 Plini
1126 1827 1398 1865 ceterorumque
1422 1821 1585 1855 doctrina

148 1882 258 1915 verba
293 1882 424 1915 faciens
457 1882 546 1915 haec
584 1883 768 1925 subiungit
802 1883 897 1926 (228,
928 1883 983 1926 2):
1026 1882 1110 1915 »sed
1146 1882 1204 1927 qui
1238 1881 1360 1914 dicunt
1393 1881 1481 1914 duas
1500 1874 1584 1914 =esse

148 1940 436 1985 significationes,
463 1942 605 1986 agentis
632 1947 668 1976 et
695 1942 871 1987 patientis,
899 1947 1023 1976 tenent
1047 1953 1086 1976 se
1118 1942 1164 1976 ad
1192 1941 1265 1975 illas
1301 1952 1356 1975 res
1384 1952 1472 1985 quas
1498 1940 1581 1980 dixi,

148 2001 168 2036 i.
204 2012 233 2034 e.
275 2001 373 2035 Plinii
414 2001 570 2036 Secundi
610 2002 890 2036 definitionem«.
947 2003 1084 2036 Verum
1122 2002 1217 2036 aliud
1256 2007 1440 2046 praeterea
1480 2001 1583 2035 nobis

148 2061 394 2095 testimonium
433 2062 478 2095 de
517 2062 584 2096 hac
623 2053 660 2096 re
698 2067 878 2096 servatum
917 2067 972 2096 est
1011 2074 1032 2096 a
1067 2062 1303 2106 grammatico
1341 2061 1583 2096 recentissimo

148 2120 342 2155 Gainfredo
370 2121 404 2155 in
431 2122 503 2156 Mai
528 2122 627 2157 class.
655 2128 788 2157 auctor.
819 2123 852 2157 V
878 2135 909 2168 p.
935 2129 1017 2166 150:
1052 2122 1365 2167 »significatio
1391 2122 1584 2157 verborum

148 2181 258 2214 Plinio
284 2181 363 2215 Sec.
404 2187 559 2217 testante
598 2183 787 2227 proprie
827 2183 866 2216 in
906 2183 1091 2217 actione
1130 2183 1202 2217 vel
1228 2183 1452 2226 passione
1490 2187 1578 2217 est«.

148 2241 315 2284 Quocum
341 2242 387 2275 ad
414 2243 561 2276 verbum
589 2243 662 2277 fere
694 2243 857 2286 congruit
891 2243 995 2278 Prisc.
1033 2251 1112 2286 373,
1147 2252 1205 2278 10:
1243 2242 1582 2287 ›Significatio

146 2301 202 2335 vel
228 2312 341 2346 genus
360 2303 457 2348 quod
475 2302 601 2337 Graeci
627 2304 793 2337 affectum
812 2308 943 2337 vocant
960 2303 1058 2337 verbi
1085 2304 1129 2337 in
1155 2308 1261 2338 actu
1289 2308 1357 2337 est
1393 2303 1583 2348 proprie

144 2381 191 2386 —
215 2362 285 2395 vel
322 2362 365 2395 in
404 2364 660 2407 passione«.
715 2363 818 2396 Hanc
858 2363 1010 2397 eandem
1047 2363 1291 2397 definitionem
1315 2363 1420 2397 Prisc.
1449 2363 1518 2398 vol.
1545 2364 1578 2397 ΙΙ

146 2422 249 2466 (part.
277 2421 341 2455 XII
367 2433 456 2458 vers.
478 2422 584 2468 Aen.)
609 2425 692 2466 482,
715 2433 769 2467 29,
798 2429 990 2468 postquam
1009 2423 1192 2457 Donatum
1219 2423 1387 2463 laudavit,
1414 2423 1573 2468 respicit:

1711 2554 1751 2586 ’δὲ
