1751 2750
786 158 828 192 ¹4

87 267 329 310 grammaticis
354 278 463 311 saepe
490 268 747 308 excutiebatur,
774 280 795 302 a
820 269 988 302 Romano
1014 272 1222 313 usurpatum
1259 278 1336 300 esse
1373 277 1512 301 censen·
1547 296 1572 304 ,Δ
1596 288 1599 291 -

87 327 174 360 dum
201 332 256 360 est
279 327 337 371 (de
363 327 443 362 adv.
463 338 497 371 p.
532 336 607 370 194,
638 337 694 371 31.
728 335 804 371 195,
830 337 882 371 19,
915 337 990 371 199,
1016 337 1066 362 10.
1098 336 1178 371 207,
1207 328 1274 373 31).
1328 327 1398 371 Qui
1420 327 1516 361 idem
1546 324 1572 355 ’,

87 387 121 421 in
146 387 236 421 libro
263 387 308 421 de
332 387 497 432 analogia
525 398 558 431 p.
593 389 669 429 118,
704 398 728 422 1.
756 390 774 408 *
812 398 887 431 123.
915 398 955 432 19
976 388 1034 433 (cf.
1057 388 1148 423 Keili
1166 388 1246 422 adn.
1267 388 1359 433 crit.)
1384 396 1460 430 132,
1481 387 1515 422 6.

93 455 230 490 145,20.
268 456 310 489 23
346 448 521 481 laudatur.
549 468 595 473 ——
631 449 802 493 Idemque
835 449 926 482 valet
964 449 1008 482 de
1042 448 1267 482 Terentio
1306 447 1475 481 Scauro
1494 447 1517 493 ¹)
1563 461 1583 496 'y
1625 474 1631 488 ,

88 508 148 553 (de
165 507 330 552 analogia
347 519 381 552 p.
408 517 520 551 133,1.
548 508 623 550 136.
650 509 691 543 16
714 509 847 554 »inquit
863 536 890 543 ..
910 537 916 545 .
937 509 1129 553 additque«
1154 529 1197 534 -
1218 508 1262 543 de
1280 508 1359 544 adv.
1378 519 1412 552 p.
1435 516 1514 548 202,

88 571 145 605 28.
175 578 255 611 209.
289 578 339 611 14.
371 577 451 612 209,
486 578 535 611 14.
559 578 638 608 210,
659 578 699 603 21
736 570 891 614 ›inquit.
998 575 1035 604 et
1058 570 1201 615 addit«)
1228 575 1264 603 et
1281 569 1327 603 de
1353 568 1516 603 Aemili

88 630 229 674 Aspri
257 629 502 663 conmentario
527 630 561 662 in
590 628 729 664 Sallusti
757 629 931 670 historias,
960 630 1057 664 cuius
1077 630 1156 675 ipsa
1182 630 1290 665 verba
1307 628 1514 663 adferuntur

87 691 145 735 (de
170 691 249 724 adv.
279 702 312 735 p.
346 691 422 733 196,
451 699 505 733 23.
536 699 615 733 209,
644 690 678 723 6.
706 698 787 733 215.
815 691 848 724 6.
879 691 960 733 216,
989 698 1043 733 25,
1073 692 1140 736 28).

204 751 395 795 Propterea
421 750 509 784 haec
536 755 610 783 tam
637 749 711 783 fuse
738 751 894 790 tractavi,
923 756 961 784 ut
994 755 1128 795 quanta
1155 750 1338 795 diligentia
1370 754 1514 795 quanta-

88 822 158 855 que
184 811 389 845 curiositate
416 811 600 844 Romanus
625 810 741 844 varios
767 810 876 844 libros
912 811 1111 856 perlegeret
1137 822 1183 844 ex
1218 811 1364 855 eiusque
1399 821 1516 844 excer-

87 876 189 916 peret
228 871 465 904 ostenderem.
534 870 669 906 Eorum
704 875 825 912 autem
860 871 1030 905 librorum
1062 871 1388 915 grammaticorum,
1422 881 1514 914 quos

88 936 273 976 postremo
308 931 525 970 enumeravi,
566 936 735 975 excerpta
775 951 820 956 --
857 936 895 965 ut
927 944 959 977 p.
1006 941 1047 966 10
1087 932 1326 967 demonstravi
1354 931 1460 964 -in
1485 942 1515 966 c.

87 992 189 1027 XVII
216 997 252 1025 et
277 992 345 1025 XV
384 991 617 1025 consonantia
657 996 809 1030 exstant,
851 992 885 1025 in
925 992 993 1025 hoc
1031 997 1069 1025 ut
1107 992 1252 1025 solitum
1283 997 1336 1026 est
1371 991 1516 1025 nomine

87 1053 231 1091 omisso,
261 1063 353 1096 quae
379 1050 566 1084 Morawski
593 1062 707 1095 aeque
732 1056 841 1095 atque
868 1051 1023 1086 Pliniana
1050 1064 1095 1085 ex
1123 1063 1195 1086 uno
1221 1052 1279 1085 illo
1305 1052 1420 1085 indice
1451 1051 1514 1084 »al-

88 1113 301 1157 phabetico«
332 1112 509 1155 descripta
534 1116 646 1155 putat.
699 1112 738 1145 Id
763 1113 859 1156 quod
885 1112 955 1145 iam
982 1113 1036 1145 his
1063 1112 1230 1146 refellisse
1257 1112 1342 1145 mihi
1381 1111 1514 1146 videor.

206 1173 262 1206 De
300 1184 330 1205 e.
358 1172 426 1206 XV
465 1171 498 1205 in
524 1171 727 1205 universum
753 1172 886 1206 addere
915 1172 998 1206 volo
1032 1173 1139 1206 etiam
1176 1172 1252 1206 aliis
1292 1172 1379 1206 locis
1411 1171 1517 1216 Capri

88 1240 124 1268 et
167 1233 276 1279 Aspri
315 1253 361 1257 ——
405 1232 451 1266 de
491 1231 601 1265 Plinio
639 1237 722 1275 post
760 1244 970 1276 quaeremus
1013 1253 1058 1258 —
1097 1233 1296 1267 doctrinam
1334 1233 1514 1277 adparere.

89 1295 239 1340 Capro
265 1293 361 1328 enim
389 1304 430 1326 ea
456 1292 656 1326 adscribere
682 1292 763 1326 licet
795 1304 887 1337 quae
914 1305 994 1327 curn
1021 1293 1145 1327 libellis
1178 1293 1223 1327 de
1258 1292 1514 1338 orthographia

89 1361 125 1389 et
150 1356 194 1389 de
220 1354 338 1388 dubiis
363 1353 491 1393 verbis,
518 1353 578 1396 qui
604 1353 671 1386 sub
696 1352 802 1398 Capri
838 1354 982 1387 nomine
1007 1353 1174 1393 feruntur,
1213 1353 1412 1387 concinunt.
1464 1352 1513 1387 Illi

88 1417 181 1451 enim
208 1416 401 1450 maximam
428 1419 568 1458 partem
595 1413 905 1448 observationibus
931 1426 1012 1448 vere
1046 1414 1166 1458 Capro
1201 1414 1330 1448 debitis
1368 1413 1514 1448 conferti

88 1483 171 1512 sunt
197 1478 244 1522 (v,
273 1476 394 1520 infra),
430 1474 566 1510 etiamsi
601 1474 768 1508 nonnulla
803 1475 905 1508 nimis
931 1480 1100 1520 conrepta
1131 1487 1171 1509 ac
1197 1475 1356 1508 mutilata
1387 1475 1515 1509 inveni-

90 1544 206 1574 untur.
257 1537 426 1580 Congrua
452 1547 537 1569 vero
564 1541 646 1569 sunt
670 1535 774 1570 haec:

204 1597 309 1633 Char.
342 1604 395 1641 57,
425 1605 468 1640 23
497 1608 542 1629 z
570 1595 607 1629 C.
641 1604 717 1635 110,
751 1604 790 1639 17
817 1596 909 1639 (Keil
923 1607 974 1640 gr.
1001 1597 1042 1633 L.
1061 1596 1164 1641 VIl):
1191 1596 1319 1631 Ostrea
1345 1602 1381 1629 et
1407 1601 1515 1630 ostre-

263 1670 313 1697 as,
341 1658 424 1702 quia
451 1656 625 1690 nullum
653 1656 821 1689 animal
849 1656 1057 1700 speciale
1086 1662 1249 1689 neutrum
1276 1662 1339 1692 est.

263 1718 387 1764 (Apud
415 1716 517 1751 Char.
546 1716 789 1750 animadverte
820 1717 885 1751 »ab
913 1717 1104 1763 eruditis‹).

206 1780 268 1814 Ch.
300 1788 354 1823 71,
384 1778 430 1812 26
456 1791 499 1811 z
529 1777 567 1813 C.
595 1786 653 1819 99.
689 1787 727 1812 1:
768 1777 885 1821 Terga
919 1778 1073 1811 hominis
1108 1783 1258 1817 tantum,
1294 1778 1515 1822 singulariter

265 1845 407 1883 tergum
446 1838 539 1877 facit,
576 1837 848 1881 quadrupedum
884 1838 949 1871 erit
977 1843 1108 1881 tergus,
1147 1837 1326 1880 pluraliter
1360 1843 1514 1881 tergora,

266 1912 285 1934 1.
314 1912 342 1934 e.
372 1910 476 1933 coria.

207 1961 270 1997 Ch.
301 1970 356 2004 72,
385 1969 427 2003 23
456 1971 500 1992 z
530 1958 567 1992 C.
598 1967 674 1996 110,
708 1967 765 1992 12:
795 1958 928 1992 Menda
954 1964 990 1993 et
1016 1960 1187 1993 mendum
1214 1964 1318 1993 recte.

206 2022 269 2057 Ch.
301 2022 355 2065 76,
388 2030 430 2064 19
455 2033 498 2053 :z
527 2019 565 2054 C.
600 2028 675 2062 109,
703 2019 744 2054 6:
772 2019 931 2054 Delirare
958 2025 993 2054 et
1018 2020 1177 2055 delerare
1204 2018 1278 2055 ἀπὸ
1303 2024 1369 2055 τοῦ
1396 2019 1516 2066 λήρου.

206 2083 270 2117 Ch.
301 2085 357 2124 83,
387 2091 405 2124 3
435 2094 478 2113 :t
507 2080 545 2115 C.
581 2090 656 2119 110,
686 2081 725 2115 8:
752 2080 858 2113 Itiner
883 2081 1030 2121 ratione,
1058 2082 1126 2115 iter
1150 2081 1414 2114 consuetudine.

208 2144 271 2178 Ch.
300 2145 357 2187 87,
394 2151 437 2176 22
466 2155 510 2174 z:
540 2141 577 2175 C.
612 2150 688 2180 110,
731 2150 769 2183 3:
797 2140 979 2175 Glutinum
1023 2153 1094 2175 non
1133 2141 1228 2185 glus;
1271 2141 1519 2185 Vergilius

268 2203 440 2248 gluten
466 2202 566 2236 dixit.

205 2265 268 2299 Ch.
296 2273 355 2307 90,
386 2272 431 2297 20
458 2275 503 2295 z
531 2261 570 2297 C.
602 2270 678 2301 111,
706 2270 751 2304 9:
781 2260 935 2305 Sanguis
961 2261 1027 2301 hic,
1055 2272 1125 2295 non
1152 2273 1322 2306 sanguen.

206 2325 271 2360 Ch.
297 2334 356 2368 94,
387 2334 425 2358 21
458 2336 502 2356 ς
531 2322 567 2356 C.
602 2331 677 2365 109,
712 2322 772 2355 16:
800 2321 969 2366 Forcipes
994 2321 1090 2356 fabri.

216 2462 233 2503 ¹)
256 2464 294 2490 Cf
322 2462 428 2492 Ritschl
449 2469 568 2498 paterga
592 2459 718 2489 Plautina
740 2459 752 2485 I
774 2468 800 2495 p.
827 2466 892 2498 157,
