1751 2750
824 153 866 216 3'5

113 287 251 327 -referri
275 297 341 335 pro
365 291 464 322 certo
489 285 622 324 habeo:
652 286 767 325 »Inter
798 288 1013 323 adverbia
1037 287 1220 334 quidam
1244 286 1334 322 haec
1360 291 1558 334 posuerunt

133 353 224 396 quae
249 342 357 383 etiam
381 345 477 393 apud
501 353 685 382 veteres
710 349 898 384 observata
930 354 1023 393 sunt,
1061 349 1154 383 velut
1185 348 1368 383 translatui
1394 348 1553 382 dimissui

134 409 289 456 receptui
307 408 503 444 ostentum
530 419 612 442 nam
636 408 725 443 haec
741 409 908 456 exempla
933 421 1013 444 cum
1042 410 1223 444 »auditum
1242 409 1386 443 auditu«
1407 408 1551 445 faciunt.

134 470 283 518 (Eadem
316 467 413 514 apud
438 469 603 505 Diomed.
630 481 664 515 p.
691 478 773 513 407,
803 478 847 513 27
873 470 1063 514 leguntur.)
1090 489 1138 496 -—
1164 470 1338 504 Videmus
1374 468 1481 514 igitur
1506 469 1552 503 de

110 548 112 550 v
131 532 197 568 hac
221 541 259 564 re
283 529 431 563 Plinium
456 529 669 573 singularem
695 530 875 574 quandam
899 531 1113 564 sententiam
1139 530 1346 576 amplexum
1365 541 1453 568 esse,
1480 540 1552 563 non

131 593 207 626 sine
231 589 451 624 Graecorum
478 590 791 633 grammaticorum
817 591 1039 626 auctoritate.
1090 591 1282 634 Dionysius
1310 591 1404 624 enim
1431 590 1554 624 Thrax

132 652 182 698 (in
207 650 357 686 Bekkeri
381 650 505 684 anecd.
533 650 564 684 11
589 662 622 695 p.
648 650 720 694 629
745 651 840 695 sqq.)
873 652 895 695 g
922 659 981 693 24‘
1000 651 1168 685 adverbia
1210 650 1382 686 »θετικάι
1423 651 1554 695 adgno-

132 707 198 745 scit
227 706 324 745 »οἷον
344 708 607 754 ἀναγνωστέον,
627 709 818 754 γραπτέον,
838 710 1070 748 πλευστέονι,
1091 710 1219 753 quibus
1237 711 1272 744 in
1290 711 1410 753 lingua
1427 710 1554 744 Latina

132 762 305 815 gerundia
327 769 488 814 adprime
507 769 725 812 respondent
751 768 807 813 (cf.
828 769 973 808 Lersch,
992 769 1346 814 sprachphilosophie
1364 769 1394 802 ΙΙ
1413 782 1448 814 p.
1472 778 1549 808 101,

132 830 324 870 Steinthal,
363 829 570 875 geschichte
609 830 672 863 der
708 830 1079 873 sprachwissenschaft
1111 842 1144 875 p.
1180 831 1274 875 673).
1334 831 1368 864 A
1408 828 1553 863 Graecis

131 892 241 926 etiam
272 891 467 924 Priscianus
502 891 533 924 II
560 899 648 934 324,
678 899 697 935 7
733 901 798 924 sua
833 896 1014 924 mutuatus
1046 902 1124 924 esse
1147 891 1296 926 videtur.
1348 890 1421 925 Sed
1448 891 1554 924 etiam

130 951 259 987 certius
292 951 440 986 Plinium
479 950 636 986 Graecos
668 956 829 987 secutum
860 962 938 987 esse
968 951 1202 987 demonstrari
1238 956 1368 996 potest.
1419 951 1458 986 In
1490 951 1554 986 illis

129 1012 223 1047 enim
258 1011 365 1046 fuisse
401 1012 461 1056 qui
493 1012 708 1046 adiectivom
740 1011 884 1046 verbale
922 1011 1168 1057 qualitatis
1203 1011 1474 1046 adverbium
1505 1011 1553 1046 di-

130 1078 260 1112 cerent,
289 1072 459 1106 discimus
485 1084 505 1105 e
523 1072 609 1114 ,loco
634 1072 755 1118 aliquo
772 1072 929 1116 Etymol.
962 1072 1084 1116 Magni
1110 1084 1132 1105 a
1151 1071 1404 1106 Schoemanno
1428 1072 1552 1116 (Rede-

129 1133 236 1166 theile
270 1145 305 1177 p.
349 1135 426 1178 170)
462 1134 619 1173 laudato,
657 1144 692 1176 p.
722 1143 805 1177 479,
843 1143 899 1176 29,
936 1132 996 1166 ubi
1028 1134 1175 1177 legitur:
1214 1131 1347 1168 »Ἰτέον-
1383 1132 1553 1178 ἐπίρρημα

128 1193 321 1240 ποιότητος
347 1220 355 1229 .
383 1218 390 1227 .
419 1207 463 1229 .‹.
1316 1202 1318 1204 '

244 1254 283 1287 In
309 1253 389 1287 libri
407 1254 438 1287 ΙΙ
456 1254 573 1299 capite
594 1254 659 1288 V11
684 1255 730 1288 de
754 1255 968 1298 pronomine
994 1265 1014 1288 e
1038 1255 1152 1288 tribus
1178 1254 1340 1298 partibus
1365 1258 1551 1288 constante

129 1314 291 1360 quamvis
316 1314 477 1359 dignosci
503 1324 575 1349 non
599 1314 723 1358 possit,
750 1325 843 1361 quae
869 1314 926 1350 vel
942 1315 1062 1360 potius
1086 1325 1170 1349 num
1197 1324 1266 1361 qua
1290 1325 1310 1349 e
1327 1313 1554 1350 Palaemonis

128 1380 203 1409 arte
238 1374 421 1415 fluxerint,
462 1375 630 1410 nonnulla
661 1381 756 1410 certe
787 1375 879 1410 Plini
916 1376 1067 1420 vestigia
1107 1376 1222 1410 inesse
1256 1376 1376 1420 negari
1415 1376 1546 1420 nequit.

128 1435 183 1469 Ac
217 1435 372 1479 primum
407 1435 555 1482 quidem
586 1447 620 1480 p.
654 1435 730 1475 160,
760 1446 793 1478 4.
825 1436 910 1476 161,
936 1436 968 1469 6.
1002 1436 1079 1476 162,
1109 1445 1151 1480 23
1180 1435 1240 1482 (cf.
1268 1435 1435 1471 Diomed.
1465 1445 1547 1479 329,

127 1505 181 1545 27.
212 1506 293 1539 331,
327 1498 384 1541 10)
410 1498 622 1541 pronomina
657 1498 859 1540 possessiva
884 1503 920 1530 et
945 1498 1165 1531 extrinsecus
1190 1503 1226 1531 et
1258 1498 1466 1531 intrinsecus
1490 1499 1547 1531 de-

126 1554 244 1589 clinari
270 1556 443 1597 dicuntur,
470 1556 491 1592 i.
518 1566 548 1591 e.
574 1560 610 1590 et
635 1556 887 1590 terminatione
914 1561 950 1591 et
975 1566 1128 1601 persona
1152 1561 1214 1590 aut
1239 1556 1462 1602 singulariter
1485 1561 1548 1590 aut

127 1615 322 1662 pluraliter:
361 1627 471 1664 quarn
503 1616 698 1653 Plinianam
739 1617 847 1654 fuisse
885 1618 1084 1656 doctrinam
1122 1628 1168 1652 ex
1207 1617 1342 1665 [Probi]
1381 1617 1548 1654 institutis

125 1677 251 1711 artium
285 1678 330 1713 K.
366 1678 417 1712 IV
455 1687 538 1722 137,
580 1688 615 1713 11
656 1685 868 1725 conpertum
905 1680 1098 1720 habemus,
1141 1679 1200 1714 ubi
1235 1679 1329 1712 clrae
1366 1679 1547 1724 proditur:

129 1752 157 1770 ι.
185 1766 193 1774 .
220 1766 227 1774 .
254 1738 384 1773 Plinius
409 1739 487 1773 Sec.
526 1740 740 1784 pronomina
767 1741 972 1785 possessiva
997 1746 1034 1774 et
1057 1752 1122 1785 per
1147 1740 1328 1785 quandam
1355 1740 1545 1774 mixturam

123 1798 173 1829 sic
198 1799 334 1842 putavit
367 1811 445 1832 esse
480 1800 705 1838 declinanda,
733 1801 755 1835 i.
783 1812 813 1835 e.
840 1801 1128 1833 intrinsecus
1161 1806 1197 1832 et
1230 1801 1544 1833 extrinsecus.

121 1859 185 1891 sed
211 1859 280 1892 hoc
304 1870 521 1906 supervacue
546 1861 681 1894 cunctis
705 1861 790 1894 artis
814 1860 985 1895 latoribus
1011 1862 1127 1895 visum
1154 1867 1209 1895 est
1234 1861 1442 1908 diqautarin
1480 1860 1546 1895 Ne-

121 1920 308 1964 querhanc
335 1922 535 1956 declinandi
560 1923 738 1956 rationem
765 1924 944 1967 ignoravit
971 1923 1148 1969 [Sergius]
1178 1924 1389 1968 explanator
1413 1923 1545 1957 Donati

121 1979 165 2013 K.
193 1980 245 2015 IV
273 1988 361 2025 500,
390 1991 454 2026 34,
490 1987 526 2016 et
557 1983 650 2017 adeo
685 1983 781 2028 apud
814 1984 932 2028 ipsum
958 1983 1141 2018 Donatum
1167 1983 1252 2018 ibid.
1278 1984 1368 2026 358,
1400 1992 1438 2026 13
1466 1994 1545 2029 sqq.

120 2039 299 2089 duplicem
330 2043 474 2087 quidem
511 2043 786 2078 declinationem
819 2045 1063 2078 consociatam
1102 2044 1300 2077 invenimus
1344 2043 1399 2086 (cf.
1438 2043 1546 2076 etiam

118 2098 221 2134 Prisc.
249 2100 265 2135 1
295 2102 383 2144 580,
421 2111 487 2146 25.
514 2103 646 2139 anecd.
683 2103 785 2138 Helv.
819 2113 908 2147 247,
942 2113 994 2138 10.
1030 2105 1118 2146 248,
1153 2104 1221 2147 14).
1272 2102 1388 2136 Primo
1425 2108 1545 2136 autern

120 2171 227 2205 quem
253 2160 363 2198 adtuli
387 2162 520 2199 Charisi
546 2163 626 2199 loco
652 2165 747 2210 (160,
775 2165 811 2210 8)
838 2164 932 2200 illam
960 2164 1325 2199 »animadversionem
1351 2175 1374 2199 a
1399 2161 1545 2198 Graecis

57 2224 64 2229 “
122 2231 201 2255 esse
233 2229 415 2257 notatam«
454 2225 539 2259 dicit
572 2226 836 2269 grammaticus.
889 2226 937 2259 Et
960 2237 1047 2259 sane
1082 2231 1121 2259 ut
1155 2225 1239 2259 alias
1271 2226 1319 2258 ita
1353 2225 1387 2257 in
1413 2219 1480 2257 hac
1504 2235 1544 2257 re

118 2279 271 2317 Plinium
304 2282 521 2319 Graecorum
556 2285 683 2320 rationi
719 2295 798 2321 sese
833 2285 1046 2332 adplicuisse
1082 2283 1269 2332 conplures
1305 2287 1415 2318 testes
1448 2285 1558 2325 sunt,⁴

117 2342 214 2378 velut
238 2343 432 2390 Dionysius
459 2346 583 2381 Thrax
609 2347 628 2393 ξ
655 2356 717 2383 22:
749 2363 778 2381 ι.
807 2375 814 2382 .
844 2376 850 2382 .
876 2351 987 2383 πᾶσαι
1024 2346 1060 2382 αἱ
1092 2346 1278 2392 κτητικαί,
1313 2343 1352 2380 αἳ
1382 2345 1544 2391 [propter

117 2401 294 2450 duplicem
320 2405 413 2440 illam
433 2406 720 2453 declinationem]
746 2407 806 2446 καὶ
823 2406 1047 2453 διπρόσωποι
1066 2408 1261 2441 καλοῦνται
1270 2419 1300 2449 ‹,
1327 2405 1544 2452 Apollonius

118 2461 297 2509 Dyscolus
336 2467 382 2501 de
419 2469 629 2514 pronomine
669 2482 701 2519 p.
737 2471 809 2503 280
841 2470 874 2504 A
901 2470 960 2514 .(in
998 2468 1124 2503 Museo
1161 2468 1323 2514 antiquit.
1364 2468 1458 2502 stud.
1496 2467 1543 2513 1):
