1751 2750
804 185 846 222 57

93 292 196 337 41111111
229 294 416 328 Vindicem
452 305 518 339 pro
550 294 691 328 duobus
724 295 871 329 diversis
907 295 1112 337 auctoribus
1152 295 1325 334 venditat,
1366 294 1537 337 quoniam

113 358 265 397 utroque
290 354 435 388 nomine
460 365 568 388 nemo
603 354 691 388 alius
724 354 942 399 significatur
976 355 1040 388 nisi
1074 353 1266 388 Caesellius
1299 353 1444 387 Vindex
1481 352 1540 396 (cf.

69 449 76 452 ,
114 412 337 461 Graefenhan
353 440 361 454 ,
388 414 433 448 kl.
461 413 577 459 philol.
605 414 653 447 im
678 414 867 449 alterthum
884 415 935 448 IV
959 426 993 459 p.
1020 415 1078 452 68,
1098 414 1179 448 Keil
1203 425 1254 458 gr.
1284 413 1325 448 L.
1351 412 1419 447 VII
1451 413 1541 456 139).

111 472 348 518 Neglegentia
374 478 496 507 autem
522 474 598 507 eius
623 473 658 507 in
684 474 735 507 eis
761 474 987 519 potissimum
1014 485 1105 518 quae
1132 485 1178 508 ex
1203 473 1371 507 Prisciani
1404 472 1542 506 institu-

111 534 267 569 tionibus
294 539 463 579 excerpta
488 539 571 567 sunt
595 534 640 578 (p.
671 542 739 578 207
766 537 858 580 sqq.)
892 534 1127 568 demonstrari
1160 539 1287 580 potest.
1341 533 1412 569 Ubi
1452 544 1538 567 non-

111 594 205 628 nulla
229 594 322 628 adeo
348 594 524 627 inmutata
558 598 593 627 et
627 599 732 627 aucta
768 599 859 634 sunt,
889 599 928 628 ut
960 595 1007 628 ab
1045 594 1103 627 illo
1141 605 1285 639 prorsus
1324 593 1540 627 abhorreant

111 654 169 700 (cs.
198 666 227 688 e.
254 665 288 698 g.
317 662 398 698 207,
429 663 475 695 24
504 654 685 694 ›beatus‹,
712 665 804 698 quae
829 655 925 700 apud
958 655 1178 688 Priscianum
1211 666 1282 688 non
1319 659 1462 688 exstant
1491 674 1538 679 ——

111 713 193 748 Keil
229 714 386 751 ›hiatus‹
424 714 578 751 coniecit
621 733 677 754 —,
715 715 796 754 208,
838 722 876 756 13
914 715 1114 758 ›samguis‹
1149 725 1230 748 cum
1264 715 1369 749 Prisc.
1407 722 1462 757 32,
1485 714 1536 758 9).

110 774 158 808 Et
183 785 296 820 aeque
336 774 408 808 fere
435 767 665 818 neglegenter
691 774 784 808 idem
810 774 896 808 alias
917 775 1102 809 ‘interdum
1129 775 1203 819 egit
1226 775 1285 818 (cs.
1311 775 1356 808 K.
1375 786 1425 819 gr.
1457 774 1534 810 Lat.

111 834 177 868 VII
208 835 295 879 136).
351 833 422 868 Sed
448 834 616 868 nonnulla
641 835 711 867 iam
738 834 940 868 Cassiodori
968 835 1125 868 fontibus
1151 835 1275 881 culpae
1297 836 1415 869 danda
1440 840 1534 874 sunt,

111 894 146 928 in
183 894 312 938 quibus
350 894 448 928 haud
499 906 612 940 pauca
661 895 706 929 ab
758 896 1026 941 excerptoribus
1075 901 1275 941 exaequata
1322 901 1359 929 et
1409 895 1535 929 alienis

111 958 216 987 aucta
240 965 317 988 esse
344 955 516 989 videntur.
569 945 648 1000 lpse
676 956 769 989 enim
788 956 1033 990 Cassiodorius
1051 955 1097 988 ad
1122 955 1366 988 similitudines
1391 960 1427 988 et
1453 965 1533 988 con-

55 1030 61 1034 -
110 1015 233 1049 centus
272 1015 616 1049 »amantissimorum
650 1015 994 1061 orthographorum«
1026 1016 1055 1060 (l
1091 1028 1124 1060 p.
1166 1025 1242 1057 144,
1282 1016 1338 1059 14)
1373 1015 1533 1048 animum

109 1074 264 1108 advertit
289 1077 336 1119 (p.
373 1083 448 1118 147,
481 1076 543 1120 16).
595 1075 666 1119 Qui
692 1081 765 1109 tarn
784 1076 940 1119 insignes
966 1081 1057 1115 sunt,
1079 1080 1117 1109 ut
1141 1075 1187 1109 ad
1203 1085 1399 1108 conmunes
1413 1074 1532 1108 fontes

110 1133 229 1167 referri
254 1134 314 1166 vix
333 1135 480 1179 possint.
532 1135 634 1173 Nam,
663 1140 701 1168 ut
727 1134 893 1180 exemplo
920 1140 1007 1174 utar,
1034 1135 1172 1167 etiamsi
1189 1134 1262 1167 fieri
1281 1145 1353 1167 non
1371 1134 1533 1178 nequivit

115 1182 155 1227 ut
180 1193 372 1227 Caesellius
398 1193 608 1235 Cornutum,
636 1195 841 1239 Papirianus
867 1194 1079 1228 Caesellium
1116 1194 1301 1230 adhiberet
1339 1198 1536 1233 auctorem,

109 1258 231 1287 tamen
258 1264 329 1287 non
355 1265 439 1288 casu
467 1254 599 1289 sactum
626 1266 703 1289 esse
722 1260 842 1300 potest
868 1260 906 1288 ut
933 1255 967 1287 in
995 1255 1171 1300 excerptis
1197 1254 1312 1297 qualia
1337 1265 1430 1287 nunc
1456 1264 1536 1299 pro—

107 1318 212 1354 stant,
248 1313 449 1348 adtenuatis
482 1315 681 1359 iterumque
715 1315 905 1357 contractis
936 1315 1012 1360 ipsa
1037 1314 1147 1348 verba
1179 1313 1373 1348 identidem
1399 1313 1534 1360 conspi-

108 1379 197 1414 rent,
236 1374 333 1407 velut
359 1374 503 1408 Cornut.
545 1382 622 1417 152,
658 1384 688 1418 3.
731 1382 807 1417 152,
841 1376 873 1408 6.
917 1382 993 1417 151,
1035 1384 1073 1417 13
1104 1387 1148 1406 z
1185 1374 1331 1407 Caesell.
1369 1382 1449 1416 203,
1482 1383 1535 1408 11.

110 1441 191 1476 203,
221 1441 277 1468 22.
314 1442 396 1477 207,
427 1442 446 1478 7
483 1433 625 1479 (Caecil.
661 1433 839 1476 Vindex)·,
872 1433 1042 1479 Papirian.
1085 1440 1161 1477 159,
1203 1442 1254 1475 14.
1298 1433 1374 1471 162,
1416 1441 1456 1466 12
1490 1445 1534 1475 Ξ,-

109 1492 255 1527 Caesell.
287 1502 366 1535 203,
402 1503 453 1535 14,
482 1493 609 1527 Caecil.
637 1494 681 1527 V.
713 1501 792 1536 207,
820 1502 851 1536 7.
880 1493 992 1526 Multa
1015 1504 1100 1526 vero
1126 1493 1194 1526 alia
1211 1493 1306 1537 apud
1342 1492 1430 1526 alios
1454 1503 1535 1525 con-

105 1553 268 1586 sonantia
294 1552 375 1586 Keil
399 1553 434 1586 in
460 1553 532 1586 imo
559 1553 717 1596 margine
743 1553 938 1587 adnotavit.

223 1614 334 1659 Apud
371 1613 595 1658 Papirianum
634 1613 816 1658 conpluria
857 1613 1086 1646 consentiunt
1129 1623 1210 1646 cum
1253 1612 1356 1646 Velio
1389 1612 1529 1659 LongO,

54 1662 58 1664 .
103 1673 204 1709 cuius
228 1674 336 1706 etiam
362 1684 493 1707 nomen
519 1686 551 1718 p.
585 1673 663 1711 161,
693 1682 712 1716 7
740 1673 938 1712 exhibetur,
974 1673 1065 1706 sicut
1099 1672 1248 1705 Caeselli
1282 1685 1315 1717 p.
1359 1672 1435 1710 161,
1479 1680 1531 1714 17.

104 1732 294 1767 Praeterea
331 1738 451 1768 autem
485 1733 689 1768 nominatur
734 1733 898 1767 Donatus
937 1734 1013 1773 161,
1054 1742 1096 1774 14
1122 1738 1158 1766 et
1191 1731 1322 1766 Gratus
1358 1732 1434 1774 164,
1479 1727 1531 1774 1'9,

104 1793 203 1827 cuius
230 1805 362 1827 nomen
387 1799 600 1839 conruptum
627 1795 777 1829 videtur.
830 1795 995 1837 Quorum
1019 1793 1228 1827 testimonia
1251 1805 1272 1826 a
1305 1792 1533 1826 Cassiodorio

104 1852 234 1887 iniecta
258 1864 335 1887 esse
349 1854 513 1887 arbitror.
558 1854 666 1897 Quod
689 1854 855 1887 nimirum
876 1853 921 1887 de
939 1854 1100 1887 Varrone
1121 1860 1197 1896 159,
1215 1854 1246 1888 8.
1272 1862 1315 1895 23
1336 1863 1406 1885 non
1426 1852 1530 1885 valet.

222 1913 260 1948 Si
286 1925 327 1947 ea
355 1925 448 1959 quae
481 1914 555 1948 dixi
592 1914 875 1960 reputaverimus
910 1923 1036 1958 neque·
1062 1913 1325 1957 neglexerimus
1360 1912 1459 1957 quod
1490 1923 1534 1945 ea

85 1984 196 2018 >quae
222 1974 326 2007 Prisc.
354 1974 369 2007 1
394 1985 477 2019 pag.
508 1981 586 2016 503,
618 1975 660 2007 16
685 1974 796 2018 (»tam
824 1975 931 2018 ungui
964 1985 1072 2020 quam
1099 1974 1221 2018 unxi«)
1253 1973 1440 2017 Papiriano
1475 1972 1533 2004 ad-

102 2033 224 2070 scribit
249 2044 321 2068 non
347 2044 429 2067 cum
455 2033 614 2071 Cassiod.
646 2034 723 2078 165,
750 2038 774 2071 6
798 2035 958 2080 (›unguo
984 2045 1069 2068 vero
1096 2045 1168 2067 non
1194 2032 1314 2077 ungui,
1350 2031 1414 2066 sed
1450 2031 1533 2065 unxi

103 2092 222 2139 facit«)
251 2099 463 2137 congruunt,
493 2095 527 2127 id
552 2099 649 2128 certe
676 2095 751 2128 iure
775 2094 1000 2128 censebimus
1034 2106 1106 2128 non
1133 2094 1254 2127 omnia
1288 2104 1380 2135 quae
1414 2092 1447 2124 in
1473 2103 1530 2124 ex-

103 2153 232 2199 cerptis
257 2153 495 2187 exhibeantur
517 2165 600 2188 vere
627 2154 800 2199 Papiriani
827 2165 915 2189 esse.
967 2154 1142 2188 Attamen
1177 2153 1402 2186 inveniuntur
1437 2162 1529 2196 quae

101 2224 184 2247 cum
209 2213 376 2247 Prisciani
402 2213 492 2247 libro
517 2214 531 2247 I
556 2214 777 2259 conspirent:
810 2225 883 2259 qua
907 2225 943 2247 re
970 2214 1006 2247 id
1031 2214 1131 2259 quod
1156 2213 1335 2251 contendi,
1376 2212 1525 2256 Papiria-

102 2284 189 2308 num
213 2273 355 2319 saepius
379 2272 447 2307 illic
472 2279 680 2320 usurpatum
707 2284 795 2323 esse,
821 2273 1076 2308 constabilitur.
1128 2272 1259 2307 Confer
1284 2271 1377 2305 enim

102 2332 264 2369 Cassiod.
298 2334 376 2375 158.
407 2342 450 2367 10
476 2334 508 2367 ai
534 2339 570 2368 et
594 2345 637 2368 ae
661 2345 744 2368 curn
884 2333 990 2369 Prisc.
1018 2342 1075 2377 37,
1108 2343 1146 2376 13

303 2412 350 2418 -
406 2400 445 2436 15
475 2405 518 2427 cu
544 2399 581 2427 et
605 2406 654 2439 qu
1026 2394 1080 2437 36,
1115 2402 1154 2426 12
1242 2436 1244 2438 ‚

293 2460 371 2499 Ι59,
401 2461 444 2486 22
470 2453 523 2494 bs,
551 2465 592 2500 ps
618 2454 675 2500 (ψ)
1023 2463 1078 2498 33,
1129 2463 1163 2495 4-
1191 2461 1247 2496 43·
1280 2459 1295 2498 5
