1751 2750
595 1 632 47 ἐξ

712 70 714 72 .
720 52 725 55 ¹
704 19 721 38 ''1ss

727 48 729 50 ’
726 23 738 32 ὗ

743 17 778 30 ἡ..)
805 16 817 23 1.
828 23 845 34 ί
855 9 904 28 „ha
931 18 939 31 l

859 198 898 239 15

276 312 340 347 Ch.
365 313 423 357 96,
448 323 472 356 9
501 326 544 346 1
573 312 610 346 C.
642 305 720 357 107³,
754 323 812 350 12:
838 313 941 347 Alica
967 323 1039 346 non
1064 311 1187 346 halica.

332 373 448 419 (Verri
475 373 599 407 notitia
634 372 680 406 ad
713 372 917 406 Romanum
951 371 1111 416 pervenit
1143 371 1350 416 plerumque
1391 380 1455 416 per
1479 368 1579 409 alim,

331 445 362 467 v.
391 433 494 467 Char.
522 445 556 477 p.
593 442 669 474 119,
702 441 753 474 13.
787 432 928 474 126,.9.
962 435 1038 473 14‘1,
1068 440 1113 464 20
1151 431 1273 475 (Plini).
1332 430 1466 464 Nostro
1500 429 1580 462 loco

331 492 373 526 cf.
404 498 461 526 »et
486 493 536 525 sic
563 491 715 536 multi‹).

276 552 340 589 Ch.
367 553 425 596 96,
458 562 496 596 13
527 565 571 584 z
603 551 640 586 C.
675 551 751 591 106,
776 561 819 593 4:
847 551 995 585 Polenta
1021 562 1093 584 non
1119 551 1263 594 pulenta
1289 551 1480 585 dicendum
1510 555 1576 585 est.

274 612 337 648 Ch.
364 614 422 655 98,
455 621 494 656 17
523 625 566 644 z
594 611 632 645 C.
665 620 742 650 110,
775 620 806 645 1:
834 611 937 644 Freni
963 611 999 644 hi
1030 617 1064 644 et
1088 612 1176 644 haec
1212 611 1310 644 frena
1337 616 1373 644 et
1405 610 1475 644 hoc
1513 609 1578 643 sre-

333 683 441 706 num:
470 682 552 706 nam
576 672 634 706 hic
660 671 776 705 frenus
802 682 874 704 non
900 676 962 705 est.

276 732 339 766 Ch.
374 740 450 770 101,
477 742 501 773 4
528 745 571 765 z
598 731 638 766 C.
671 732 747 770 108,
781 739 841 774 17:
868 730 987 764 Clunis
1013 731 1080 770 hic,
1108 742 1178 764 non
1204 732 1304 767 haec.

275 791 339 827 Ch.
380 800 454 825 102.
492 800 504 824 1
544 804 588 824 z:
623 791 661 825 C.
695 798 753 834 97,
794 799 854 834 17:
886 790 962 824 Cilo
996 796 1051 825 est
1081 791 1199 835 capite
1235 795 1388 834 angusto
1414 810 1461 816 —
1485 789 1578 824 chilo

334 852 483 885 modum
508 851 682 885 labiorum
709 851 895 884 excedens.

276 911 339 946 Ch.
369 919 445 955 105,
477 919 493 954 5
523 924 566 944 z
595 911 633 947 C.
667 911 743 952 106,
777 920 837 954 13:
867 910 1043 956 Scriptula
1067 911 1269 950 dicendum,
1307 922 1378 945 non
1415 910 1575 955 scripula.

275 972 338 1006 Ch.
372 974 447 1013 108,
474 983 498 1015 4
525 985 568 1005 z
598 971 636 1008 C.
674 981 750 1012 110,
790 981 850 1008 12:
877 972 1070 1016 Margarita
1100 972 1189 1006 haec
1222 971 1379 1005 feminini
1417 977 1469 1020 et.
1488 972 1576 1005 haec

334 1032 516 1077 pluraliter
539 1032 664 1068 neutri.

275 1092 338 1127 Ch.
372 1102 448 1136 109,
481 1102 523 1135 14
546 1105 590 1125 z
616 1091 654 1126 C.
688 1102 764 1132 111,
795 1102 855 1126 11:
886 1092 1020 1136 Striges
1038 1104 1110 1126 non
1126 1093 1276 1136 strigae:
1306 1092 1416 1136 striga
1442 1092 1578 1125 inter-

333 1153 499 1186 vallum
524 1158 795 1192 turmarum,
824 1153 883 1186 ubi
908 1153 990 1196 equi
1016 1153 1245 1197 stringuntur.

274 1213 457 1247 Praeterea
490 1213 725 1247 conferendus
758 1218 812 1246 est
842 1212 949 1248 Char.
985 1222 1040 1256 74,
1070 1214 1114 1247 28
1148 1224 1230 1246 cum
1260 1212 1425 1246 Priscian.
1454 1212 1468 1245 I
1496 1212 1575 1250 260,

165 1281 204 1317 17
235 1284 370 1316 »penus
397 1284 541 1319 quoque
568 1279 604 1306 et
630 1272 809 1306 masculini
835 1278 871 1306 et
897 1272 1053 1306 feminini
1080 1279 1115 1307 et
1141 1274 1254 1307 neutri
1284 1273 1462 1308 invenitur
1487 1277 1580 1307 teste

158 1334 303 1367 Donato
330 1339 366 1367 et
392 1333 576 1378 Capro«,
603 1334 662 1366 ubi
688 1334 783 1367 idem
809 1334 1014 1378 exemplum
1039 1334 1236 1367 Plautinum
1261 1333 1498 1378 subsequitur.

274 1393 347 1428 Sed
372 1394 480 1428 etiam
507 1394 599 1438 Asp
610 1394 642 1427 ri
668 1394 702 1428 in
728 1405 756 1428 e.
785 1394 854 1428 XV
880 1395 1079 1439 detegimus
1105 1395 1266 1439 vestigia,
1294 1405 1315 1428 a
1349 1394 1449 1428 cuius
1484 1393 1580 1427 libris

157 1455 341 1489 Romanus
382 1465 452 1488 non
485 1455 719 1499 adspernatus
744 1460 808 1490 est.
859 1455 952 1489 Nam
976 1456 1034 1496 68,
1069 1465 1109 1499 19
1143 1460 1316 1489 consonat
1349 1465 1431 1488 cum
1457 1453 1580 1488 Servio

154 1515 202 1548 ad
228 1515 378 1549 Aeneid.
405 1515 487 1548 VIII
514 1517 601 1558 383:
633 1516 735 1549 »hinc
756 1521 809 1549 est
843 1516 932 1549 »filia
956 1516 1049 1556 Neri,
1077 1517 1221 1550 immitis
1241 1515 1404 1549 Achilli«.
1425 1515 1510 1548 item
1544 1515 1578 1548 in

157 1575 346 1612 Sallustio:
383 1576 449 1610 ›ad
481 1575 612 1609 bellum
645 1575 738 1610 Persi
762 1576 1068 1611 Macedonicum«.
1097 1578 1147 1611 sic
1172 1577 1324 1620 Asper«.
1378 1575 1480 1620 Quae
1504 1575 1580 1609 sine

160 1636 270 1670 dubio
295 1648 341 1670 ex
367 1637 475 1681 Aspri
502 1637 536 1670 in
563 1637 703 1670 Sallusti
730 1637 896 1672 historias
922 1638 1174 1672 conmentariis
1208 1643 1354 1680 sumpta
1379 1641 1472 1671 sunt.
1524 1636 1582 1670 Ex

157 1696 294 1729 eisdem
318 1696 463 1730 fluxisse
488 1697 626 1730 videtur
657 1706 732 1741 107¹
766 1706 804 1731 12
833 1711 878 1730 z
906 1697 1004 1734 Serv,
1032 1699 1078 1732 ad
1104 1697 1196 1734 Aen.
1222 1697 1271 1731 XI
1298 1700 1385 1732 801:
1415 1711 1430 1729 ι
1450 1725 1457 1733 .
1474 1725 1482 1732 .
1498 1724 1506 1732 .
1528 1707 1578 1730 se-

158 1757 314 1790 cundum
353 1757 577 1798 Sallustium,
620 1759 679 1802 qui
718 1759 766 1792 ait
796 1759 958 1793 »castella
982 1759 1162 1793 custodias
1200 1758 1470 1793 thesaurorum«
1512 1769 1579 1802 pro

163 1818 403 1853 »custodiae«.
431 1819 479 1851 ita
506 1819 598 1851 enim
627 1819 736 1851 etiam·
760 1819 878 1864 Asper
902 1818 1104 1862 intellegit«.

275 1878 458 1912 Romanus
484 1879 592 1922 igitur
617 1878 747 1912 multos
771 1878 879 1912 libros
906 1878 951 1912 ad
983 1880 1154 1913 tractatus
1185 1889 1269 1912 suos
1302 1877 1579 1913 conscribendos

157 1938 319 1973 adhibuit
344 1951 459 1984 neque
486 1939 643 1984 neglexit
669 1939 714 1973 de
739 1951 861 1973 eorum
887 1950 977 1983 quos
1003 1945 1145 1973 secutus
1173 1944 1227 1973 est
1262 1939 1445 1973 sententiis
1480 1939 1579 1972 inter-

158 2000 243 2034 dum
268 2000 437 2034 iudicium
463 2000 553 2034 ferre
579 2010 753 2045 suamque
787 2000 898 2045 ipsius
930 2001 1145 2046 opinionem,
1180 2000 1397 2045 ubicumque
1434 2010 1580 2033 necesse

158 2073 236 2096 esse
269 2061 465 2101 videbatur,
504 2072 699 2106 opponere,
736 2062 833 2096 velut
866 2062 900 2096 in
927 2073 957 2098 e.
982 2062 1083 2096 XVII
1106 2075 1140 2108 p.
1183 2071 1258 2105 131,
1290 2071 1339 2096 12.
1381 2070 1458 2103 140,
1498 2070 1517 2094 2
1543 2066 1580 2094 et

159 2122 316 2156 maxime
341 2134 374 2168 p.
408 2131 485 2164 141,
514 2131 553 2155 21
584 2122 657 2167 (ubi
684 2121 729 2155 de
758 2123 945 2168 ›panium‹
975 2128 1010 2156 et
1040 2133 1212 2168 »panum«
1235 2122 1428 2168 disseritur)
1458 2133 1581 2156 »neu-

156 2187 273 2216 trum
301 2188 419 2217 autem
446 2187 551 2228 puto
587 2194 731 2228 posse
765 2183 876 2224 dici,
915 2184 996 2227 quia
1022 2184 1067 2218 de
1091 2183 1145 2217 his
1170 2189 1224 2217 est
1249 2183 1463 2223 nominibus,
1488 2194 1580 2227 quae

157 2253 240 2276 cum
276 2243 434 2288 pondere
469 2243 638 2287 [numero]
657 2242 679 2288 ι)
713 2251 949 2288 mensuraque
982 2249 1145 2277 constent
1178 2254 1320 2288 semper
1350 2248 1432 2276 sunt
1463 2243 1579 2287 singu-

158 2302 277 2336 laria«.
331 2303 406 2336 Iam
432 2314 517 2336 vero
543 2314 625 2337 cum
654 2303 707 2337 his
742 2304 858 2338 verbis
891 2304 919 2337 si
944 2309 1158 2349 conparatur
1183 2315 1213 2339 c,
1240 2304 1308 2337 XV
1332 2316 1366 2349 p.
1394 2312 1452 2347 90.
1481 2305 1500 2338 8
1529 2304 1579 2350 (in

278 2448 296 2488 ¹)
322 2459 480 2484 »numero«,
504 2450 580 2486 quod
599 2451 653 2478 hoe
687 2450 749 2478 loco
777 2460 857 2479 sensu
886 2457 966 2486 caret,
993 2460 1092 2478 censeo
1119 2455 1183 2478 ante
1213 2451 1395 2487 »singularia«
1427 2460 1487 2478 esse
1516 2459 1581 2478 eon-

156 2500 319 2529 locandum.
