<?xml version="1.0" encoding="UTF-8"?>
<!DOCTYPE html PUBLIC "-//W3C//DTD XHTML 1.0 Transitional//EN"
    "http://www.w3.org/TR/xhtml1/DTD/xhtml1-transitional.dtd">
<html xmlns="http://www.w3.org/1999/xhtml" xml:lang="en" lang="en">
 <head>
  <title>
</title>
<meta http-equiv="Content-Type" content="text/html;charset=utf-8" />
  <meta name='ocr-system' content='tesseract 3.04.00' />
  <meta name='ocr-capabilities' content='ocr_page ocr_carea ocr_par ocr_line ocrx_word'/>
</head>
<body>
  <div class='ocr_page' id='page_1' title='image "4737396_0036.png"; bbox 0 0 1751 2750; ppageno 0'>
   <div class='ocr_carea' id='block_1_1' title="bbox 827 139 874 173">
    <p class='ocr_par' dir='ltr' id='par_1_1' title="bbox 827 139 874 173">
     <span class='ocr_line' id='line_1_1' title="bbox 827 139 874 173; baseline 0 0"><span class='ocrx_word' id='word_1_1' title='bbox 827 139 874 173; x_wconf 89' lang='grc'><strong>26</strong></span> 
     </span>
    </p>
   </div>
   <div class='ocr_carea' id='block_1_2' title="bbox 1539 0 1751 214">
    <p class='ocr_par' dir='ltr' id='par_1_2' title="bbox 1539 0 1751 214">
     <span class='ocr_line' id='line_1_2' title="bbox 1539 0 1751 214; baseline 0 2536"><span class='ocrx_word' id='word_1_2' title='bbox 1539 0 1751 214; x_wconf 95' lang='lat' dir='ltr'> </span> 
     </span>
    </p>
   </div>
   <div class='ocr_carea' id='block_1_3' title="bbox 742 188 971 194">
    <p class='ocr_par' dir='ltr' id='par_1_3' title="bbox 742 188 971 194">
     <span class='ocr_line' id='line_1_3' title="bbox 742 188 971 194; baseline 0 0"><span class='ocrx_word' id='word_1_3' title='bbox 742 188 971 194; x_wconf 95' lang='lat' dir='ltr'> </span> 
     </span>
    </p>
   </div>
   <div class='ocr_carea' id='block_1_4' title="bbox 142 230 1751 301">
    <p class='ocr_par' dir='ltr' id='par_1_4' title="bbox 142 230 1751 301">
     <span class='ocr_line' id='line_1_4' title="bbox 142 230 1751 301; baseline -0.002 -9"><span class='ocrx_word' id='word_1_4' title='bbox 142 257 266 293; x_wconf 84' lang='lat' dir='ltr'>Velius</span> <span class='ocrx_word' id='word_1_5' title='bbox 291 257 440 301; x_wconf 88' lang='lat' dir='ltr'>Longus</span> <span class='ocrx_word' id='word_1_6' title='bbox 466 257 511 290; x_wconf 94' lang='lat' dir='ltr'>de</span> <span class='ocrx_word' id='word_1_7' title='bbox 538 256 796 301; x_wconf 84' lang='lat' dir='ltr'>orthographia</span> <span class='ocrx_word' id='word_1_8' title='bbox 820 257 866 293; x_wconf 89' lang='lat' dir='ltr'>K.</span> <span class='ocrx_word' id='word_1_9' title='bbox 893 257 960 291; x_wconf 83' lang='lat' dir='ltr'>VII</span> <span class='ocrx_word' id='word_1_10' title='bbox 986 257 1044 296; x_wconf 90' lang='lat'>68,</span> <span class='ocrx_word' id='word_1_11' title='bbox 1078 265 1113 290; x_wconf 90' lang='lat'>11</span> <span class='ocrx_word' id='word_1_12' title='bbox 1153 255 1248 289; x_wconf 87' lang='lat' dir='ltr'>idem</span> <span class='ocrx_word' id='word_1_13' title='bbox 1275 255 1440 293; x_wconf 83' lang='lat' dir='ltr'>iudicium</span> <span class='ocrx_word' id='word_1_14' title='bbox 1456 267 1459 271; x_wconf 94' lang='lat'>·</span> <span class='ocrx_word' id='word_1_15' title='bbox 1475 240 1595 300; x_wconf 25' lang='lat' dir='ltr'>repe-⁷</span> <span class='ocrx_word' id='word_1_16' title='bbox 1647 230 1651 233; x_wconf 12' lang='grc' dir='ltr'>ἱ</span> <span class='ocrx_word' id='word_1_17' title='bbox 1732 230 1751 289; x_wconf 23' lang='grc' dir='ltr'>ι,</span> 
     </span>
    </p>
   </div>
   <div class='ocr_carea' id='block_1_5' title="bbox 142 315 1634 2484">
    <p class='ocr_par' dir='ltr' id='par_1_5' title="bbox 142 315 1634 724">
     <span class='ocr_line' id='line_1_5' title="bbox 142 315 1574 361; baseline -0.002 -9"><span class='ocrx_word' id='word_1_18' title='bbox 142 318 205 354; x_wconf 85' lang='lat' dir='ltr'>tit:</span> <span class='ocrx_word' id='word_1_19' title='bbox 237 328 323 352; x_wconf 71' lang='lat' dir='ltr'>»nec</span> <span class='ocrx_word' id='word_1_20' title='bbox 341 316 556 355; x_wconf 87' lang='lat' dir='ltr'>audiendam</span> <span class='ocrx_word' id='word_1_21' title='bbox 574 327 703 351; x_wconf 91' lang='lat' dir='ltr'>vanam</span> <span class='ocrx_word' id='word_1_22' title='bbox 731 318 1046 361; x_wconf 83' lang='lat' dir='ltr'>grammaticorum</span> <span class='ocrx_word' id='word_1_23' title='bbox 1061 316 1309 356; x_wconf 79' lang='lat' dir='ltr'>differentiam,</span> <span class='ocrx_word' id='word_1_24' title='bbox 1337 315 1397 361; x_wconf 86' lang='lat' dir='ltr'>qui</span> <span class='ocrx_word' id='word_1_25' title='bbox 1421 315 1574 350; x_wconf 89' lang='lat' dir='ltr'>alterum</span> 
     </span>
     <span class='ocr_line' id='line_1_6' title="bbox 145 375 1588 423; baseline -0.003 -11"><span class='ocrx_word' id='word_1_26' title='bbox 145 389 168 412; x_wconf 90' lang='lat' dir='ltr'>a</span> <span class='ocrx_word' id='word_1_27' title='bbox 192 377 368 422; x_wconf 91' lang='lat' dir='ltr'>clependo</span> <span class='ocrx_word' id='word_1_28' title='bbox 403 377 567 421; x_wconf 89' lang='lat' dir='ltr'>(alterurn</span> <span class='ocrx_word' id='word_1_29' title='bbox 595 389 616 410; x_wconf 88' lang='lat' dir='ltr'>a</span> <span class='ocrx_word' id='word_1_30' title='bbox 641 377 806 423; x_wconf 92' lang='lat' dir='ltr'>cluendo)</span> <span class='ocrx_word' id='word_1_31' title='bbox 840 383 968 422; x_wconf 80' lang='lat' dir='ltr'>putant</span> <span class='ocrx_word' id='word_1_32' title='bbox 1001 377 1170 412; x_wconf 80' lang='lat' dir='ltr'>dictum«.</span> <span class='ocrx_word' id='word_1_33' title='bbox 1196 395 1244 402; x_wconf 83' lang='lat'>-—</span> <span class='ocrx_word' id='word_1_34' title='bbox 1271 376 1345 411; x_wconf 86' lang='lat' dir='ltr'>Sed</span> <span class='ocrx_word' id='word_1_35' title='bbox 1377 380 1456 410; x_wconf 89' lang='lat' dir='ltr'>utut</span> <span class='ocrx_word' id='word_1_36' title='bbox 1485 375 1588 410; x_wconf 90' lang='lat' dir='ltr'>haec.</span> 
     </span>
     <span class='ocr_line' id='line_1_7' title="bbox 144 436 1634 484; baseline -0.001 -11"><span class='ocrx_word' id='word_1_37' title='bbox 144 449 183 473; x_wconf 88' lang='lat' dir='ltr'>se</span> <span class='ocrx_word' id='word_1_38' title='bbox 219 438 365 478; x_wconf 81' lang='lat' dir='ltr'>habent,</span> <span class='ocrx_word' id='word_1_39' title='bbox 405 437 494 472; x_wconf 88' lang='lat' dir='ltr'><strong>Plini</strong></span> <span class='ocrx_word' id='word_1_40' title='bbox 533 448 666 472; x_wconf 89' lang='lat' dir='ltr'>nomen</span> <span class='ocrx_word' id='word_1_41' title='bbox 705 438 792 472; x_wconf 89' lang='lat' dir='ltr'>mihi</span> <span class='ocrx_word' id='word_1_42' title='bbox 834 439 956 484; x_wconf 88' lang='lat' dir='ltr'>utique</span> <span class='ocrx_word' id='word_1_43' title='bbox 990 437 1245 473; x_wconf 90' lang='lat' dir='ltr'>restituendum</span> <span class='ocrx_word' id='word_1_44' title='bbox 1279 437 1428 474; x_wconf 85' lang='lat' dir='ltr'>videtur.</span> <span class='ocrx_word' id='word_1_45' title='bbox 1480 436 1572 472; x_wconf 87' lang='lat' dir='ltr'>Nam</span> <span class='ocrx_word' id='word_1_46' title='bbox 1631 442 1634 443; x_wconf 72' lang='grc'>’</span> 
     </span>
     <span class='ocr_line' id='line_1_8' title="bbox 143 496 1573 544; baseline -0.001 -11"><span class='ocrx_word' id='word_1_47' title='bbox 143 499 202 542; x_wconf 86' lang='lat' dir='ltr'>hic</span> <span class='ocrx_word' id='word_1_48' title='bbox 227 499 263 533; x_wconf 90' lang='lat' dir='ltr'>in</span> <span class='ocrx_word' id='word_1_49' title='bbox 288 511 316 533; x_wconf 94' lang='lat' dir='ltr'>c.</span> <span class='ocrx_word' id='word_1_50' title='bbox 338 499 407 533; x_wconf 94' lang='lat' dir='ltr'>XV</span> <span class='ocrx_word' id='word_1_51' title='bbox 422 499 576 544; x_wconf 82' lang='lat' dir='ltr'>saepius,</span> <span class='ocrx_word' id='word_1_52' title='bbox 605 498 724 542; x_wconf 86' lang='lat' dir='ltr'>Caper</span> <span class='ocrx_word' id='word_1_53' title='bbox 748 510 925 543; x_wconf 87' lang='lat' dir='ltr'><strong>nusquam</strong></span> <span class='ocrx_word' id='word_1_54' title='bbox 943 499 1115 533; x_wconf 87' lang='lat' dir='ltr'>laudatur.</span> <span class='ocrx_word' id='word_1_55' title='bbox 1169 496 1424 532; x_wconf 85' lang='lat' dir='ltr'>Gravissimum</span> <span class='ocrx_word' id='word_1_56' title='bbox 1450 503 1573 532; x_wconf 87' lang='lat' dir='ltr'>autem</span> 
     </span>
     <span class='ocr_line' id='line_1_9' title="bbox 145 556 1575 604; baseline 0 -11"><span class='ocrx_word' id='word_1_57' title='bbox 145 564 209 599; x_wconf 88' lang='lat' dir='ltr'>est,</span> <span class='ocrx_word' id='word_1_58' title='bbox 238 560 338 604; x_wconf 92' lang='lat' dir='ltr'>quod</span> <span class='ocrx_word' id='word_1_59' title='bbox 362 558 468 604; x_wconf 88' lang='lat' dir='ltr'>Capri</span> <span class='ocrx_word' id='word_1_60' title='bbox 495 559 583 593; x_wconf 88' lang='lat' dir='ltr'>liber</span> <span class='ocrx_word' id='word_1_61' title='bbox 613 570 791 604; x_wconf 87' lang='lat' dir='ltr'>nusquam</span> <span class='ocrx_word' id='word_1_62' title='bbox 826 561 971 595; x_wconf 89' lang='lat' dir='ltr'>omnino</span> <span class='ocrx_word' id='word_1_63' title='bbox 1002 559 1120 594; x_wconf 82' lang='lat' dir='ltr'>»dubii</span> <span class='ocrx_word' id='word_1_64' title='bbox 1146 559 1343 594; x_wconf 67' lang='lat' dir='ltr'>sermonisc</span> <span class='ocrx_word' id='word_1_65' title='bbox 1376 556 1575 604; x_wconf 73' lang='lat' dir='ltr'>adpellatur</span> 
     </span>
     <span class='ocr_line' id='line_1_10' title="bbox 143 611 1620 665; baseline -0.001 -10"><span class='ocrx_word' id='word_1_66' title='bbox 143 625 180 655; x_wconf 84' lang='lat' dir='ltr'>et</span> <span class='ocrx_word' id='word_1_67' title='bbox 205 620 389 654; x_wconf 88' lang='lat' dir='ltr'>Romanus</span> <span class='ocrx_word' id='word_1_68' title='bbox 425 625 567 665; x_wconf 88' lang='lat' dir='ltr'>praeter</span> <span class='ocrx_word' id='word_1_69' title='bbox 603 620 731 654; x_wconf 90' lang='lat' dir='ltr'>librum</span> <span class='ocrx_word' id='word_1_70' title='bbox 772 621 838 655; x_wconf 79' lang='lat' dir='ltr'>»de</span> <span class='ocrx_word' id='word_1_71' title='bbox 864 621 1075 655; x_wconf 81' lang='lat' dir='ltr'><strong>Latinitate«</strong></span> <span class='ocrx_word' id='word_1_72' title='bbox 1105 619 1239 654; x_wconf 85' lang='lat' dir='ltr'>nullum</span> <span class='ocrx_word' id='word_1_73' title='bbox 1262 619 1369 664; x_wconf 89' lang='lat' dir='ltr'>Capri</span> <span class='ocrx_word' id='word_1_74' title='bbox 1402 619 1573 663; x_wconf 86' lang='lat' dir='ltr'>scriptum</span> <span class='ocrx_word' id='word_1_75' title='bbox 1615 611 1620 615; x_wconf 43' lang='grc'>’</span> 
     </span>
     <span class='ocr_line' id='line_1_11' title="bbox 144 674 1060 724; baseline 0.003 -11"><span class='ocrx_word' id='word_1_76' title='bbox 144 680 268 714; x_wconf 91' lang='lat' dir='ltr'>laudat</span> <span class='ocrx_word' id='word_1_77' title='bbox 294 691 410 724; x_wconf 88' lang='lat' dir='ltr'>neque</span> <span class='ocrx_word' id='word_1_78' title='bbox 437 690 607 724; x_wconf 90' lang='lat' dir='ltr'>umquam</span> <span class='ocrx_word' id='word_1_79' title='bbox 633 680 711 713; x_wconf 90' lang='lat' dir='ltr'>libri</span> <span class='ocrx_word' id='word_1_80' title='bbox 737 674 925 714; x_wconf 76' lang='lat' dir='ltr'>nuinerum</span> <span class='ocrx_word' id='word_1_81' title='bbox 951 681 1060 716; x_wconf 84' lang='lat' dir='ltr'>addit.</span> 
     </span>
    </p>

    <p class='ocr_par' dir='ltr' id='par_1_6' title="bbox 144 732 1576 1998">
     <span class='ocr_line' id='line_1_12' title="bbox 264 732 1569 785; baseline -0.001 -11"><span class='ocrx_word' id='word_1_82' title='bbox 264 739 302 774; x_wconf 84' lang='lat' dir='ltr'>Si</span> <span class='ocrx_word' id='word_1_83' title='bbox 327 740 472 785; x_wconf 92' lang='lat' dir='ltr'>quidem</span> <span class='ocrx_word' id='word_1_84' title='bbox 499 751 666 774; x_wconf 90' lang='lat' dir='ltr'>numerus</span> <span class='ocrx_word' id='word_1_85' title='bbox 693 740 723 774; x_wconf 94' lang='lat' dir='ltr'>II</span> <span class='ocrx_word' id='word_1_86' title='bbox 759 741 936 784; x_wconf 88' lang='lat' dir='ltr'>genuinus</span> <span class='ocrx_word' id='word_1_87' title='bbox 971 746 1035 781; x_wconf 92' lang='lat' dir='ltr'>est,</span> <span class='ocrx_word' id='word_1_88' title='bbox 1069 732 1272 775; x_wconf 85' lang='lat' dir='ltr'>Romanum</span> <span class='ocrx_word' id='word_1_89' title='bbox 1307 750 1378 774; x_wconf 90' lang='lat' dir='ltr'>non</span> <span class='ocrx_word' id='word_1_90' title='bbox 1404 739 1454 773; x_wconf 90' lang='lat' dir='ltr'>VI</span> <span class='ocrx_word' id='word_1_91' title='bbox 1481 739 1569 779; x_wconf 92' lang='lat' dir='ltr'>solo,</span> 
     </span>
     <span class='ocr_line' id='line_1_13' title="bbox 146 799 1574 844; baseline -0.002 -9"><span class='ocrx_word' id='word_1_92' title='bbox 146 802 210 836; x_wconf 88' lang='lat' dir='ltr'>sed</span> <span class='ocrx_word' id='word_1_93' title='bbox 237 802 343 835; x_wconf 88' lang='lat' dir='ltr'>etiam</span> <span class='ocrx_word' id='word_1_94' title='bbox 368 801 444 835; x_wconf 89' lang='lat' dir='ltr'>aliis</span> <span class='ocrx_word' id='word_1_95' title='bbox 470 801 566 835; x_wconf 92' lang='lat' dir='ltr'>dubii</span> <span class='ocrx_word' id='word_1_96' title='bbox 600 801 776 835; x_wconf 91' lang='lat' dir='ltr'>sermonis</span> <span class='ocrx_word' id='word_1_97' title='bbox 809 801 907 835; x_wconf 90' lang='lat' dir='ltr'>libris</span> <span class='ocrx_word' id='word_1_98' title='bbox 942 812 1044 835; x_wconf 89' lang='lat' dir='ltr'>usum</span> <span class='ocrx_word' id='word_1_99' title='bbox 1082 812 1159 835; x_wconf 88' lang='lat' dir='ltr'>esse</span> <span class='ocrx_word' id='word_1_100' title='bbox 1196 800 1373 840; x_wconf 85' lang='lat' dir='ltr'>discimus.</span> <span class='ocrx_word' id='word_1_101' title='bbox 1409 799 1444 833; x_wconf 89' lang='lat' dir='ltr'>id</span> <span class='ocrx_word' id='word_1_102' title='bbox 1476 799 1574 844; x_wconf 91' lang='lat' dir='ltr'>quod</span> 
     </span>
     <span class='ocr_line' id='line_1_14' title="bbox 147 860 1576 907; baseline -0.002 -10"><span class='ocrx_word' id='word_1_103' title='bbox 147 863 255 897; x_wconf 89' lang='lat' dir='ltr'>etiam</span> <span class='ocrx_word' id='word_1_104' title='bbox 280 873 346 907; x_wconf 91' lang='lat' dir='ltr'>per</span> <span class='ocrx_word' id='word_1_105' title='bbox 371 873 410 896; x_wconf 90' lang='lat' dir='ltr'>se</span> <span class='ocrx_word' id='word_1_106' title='bbox 435 862 509 896; x_wconf 91' lang='lat' dir='ltr'>veri</span> <span class='ocrx_word' id='word_1_107' title='bbox 536 861 649 896; x_wconf 91' lang='lat' dir='ltr'>simile</span> <span class='ocrx_word' id='word_1_108' title='bbox 676 867 739 898; x_wconf 87' lang='lat' dir='ltr'>est.</span> <span class='ocrx_word' id='word_1_109' title='bbox 793 862 874 896; x_wconf 90' lang='lat' dir='ltr'>Hoc</span> <span class='ocrx_word' id='word_1_110' title='bbox 910 867 1030 897; x_wconf 86' lang='lat' dir='ltr'>tamen</span> <span class='ocrx_word' id='word_1_111' title='bbox 1066 863 1111 896; x_wconf 91' lang='lat' dir='ltr'>de</span> <span class='ocrx_word' id='word_1_112' title='bbox 1143 862 1232 896; x_wconf 88' lang='lat' dir='ltr'>libro</span> <span class='ocrx_word' id='word_1_113' title='bbox 1266 861 1310 895; x_wconf 93' lang='lat' dir='ltr'>de</span> <span class='ocrx_word' id='word_1_114' title='bbox 1342 860 1506 904; x_wconf 83' lang='lat' dir='ltr'>analogia</span> <span class='ocrx_word' id='word_1_115' title='bbox 1539 865 1576 895; x_wconf 88' lang='lat' dir='ltr'>et</span> 
     </span>
     <span class='ocr_line' id='line_1_15' title="bbox 146 920 1570 967; baseline -0.003 -11"><span class='ocrx_word' id='word_1_116' title='bbox 146 923 191 957; x_wconf 90' lang='lat' dir='ltr'>de</span> <span class='ocrx_word' id='word_1_117' title='bbox 217 923 268 956; x_wconf 88' lang='lat' dir='ltr'>eis</span> <span class='ocrx_word' id='word_1_118' title='bbox 293 934 386 967; x_wconf 89' lang='lat' dir='ltr'>quae</span> <span class='ocrx_word' id='word_1_119' title='bbox 412 923 494 956; x_wconf 91' lang='lat' dir='ltr'>inde</span> <span class='ocrx_word' id='word_1_120' title='bbox 520 927 666 967; x_wconf 87' lang='lat' dir='ltr'>sumpta</span> <span class='ocrx_word' id='word_1_121' title='bbox 689 927 772 956; x_wconf 91' lang='lat' dir='ltr'>sunt</span> <span class='ocrx_word' id='word_1_122' title='bbox 808 934 879 956; x_wconf 91' lang='lat' dir='ltr'>non</span> <span class='ocrx_word' id='word_1_123' title='bbox 915 923 1032 956; x_wconf 89' lang='lat' dir='ltr'>valere</span> <span class='ocrx_word' id='word_1_124' title='bbox 1065 923 1213 957; x_wconf 87' lang='lat' dir='ltr'>videtur.</span> <span class='ocrx_word' id='word_1_125' title='bbox 1273 921 1391 965; x_wconf 84' lang='lat' dir='ltr'>Quare</span> <span class='ocrx_word' id='word_1_126' title='bbox 1426 920 1570 965; x_wconf 82' lang='lat' dir='ltr'>›clipei‹</span> 
     </span>
     <span class='ocr_line' id='line_1_16' title="bbox 146 981 1573 1029; baseline -0.002 -11"><span class='ocrx_word' id='word_1_127' title='bbox 146 983 352 1029; x_wconf 87' lang='lat' dir='ltr'>exemplum</span> <span class='ocrx_word' id='word_1_128' title='bbox 390 994 461 1017; x_wconf 91' lang='lat' dir='ltr'>non</span> <span class='ocrx_word' id='word_1_129' title='bbox 498 983 533 1016; x_wconf 88' lang='lat' dir='ltr'>in</span> <span class='ocrx_word' id='word_1_130' title='bbox 567 982 625 1016; x_wconf 93' lang='lat' dir='ltr'>illo</span> <span class='ocrx_word' id='word_1_131' title='bbox 657 982 747 1017; x_wconf 91' lang='lat' dir='ltr'>libro</span> <span class='ocrx_word' id='word_1_132' title='bbox 783 993 804 1016; x_wconf 87' lang='lat' dir='ltr'>a</span> <span class='ocrx_word' id='word_1_133' title='bbox 834 983 1000 1017; x_wconf 87' lang='lat' dir='ltr'>Romano</span> <span class='ocrx_word' id='word_1_134' title='bbox 1033 982 1233 1017; x_wconf 87' lang='lat' dir='ltr'>exhibitum</span> <span class='ocrx_word' id='word_1_135' title='bbox 1266 992 1344 1016; x_wconf 86' lang='lat' dir='ltr'>esse</span> <span class='ocrx_word' id='word_1_136' title='bbox 1373 981 1573 1016; x_wconf 88' lang='lat' dir='ltr'>existiman-</span> 
     </span>
     <span class='ocr_line' id='line_1_17' title="bbox 145 1040 1569 1087; baseline -0.002 -8"><span class='ocrx_word' id='word_1_137' title='bbox 145 1045 232 1079; x_wconf 90' lang='lat' dir='ltr'>dum</span> <span class='ocrx_word' id='word_1_138' title='bbox 259 1049 323 1083; x_wconf 87' lang='lat' dir='ltr'>est,</span> <span class='ocrx_word' id='word_1_139' title='bbox 351 1044 433 1084; x_wconf 87' lang='lat' dir='ltr'>sed,</span> <span class='ocrx_word' id='word_1_140' title='bbox 467 1049 505 1077; x_wconf 93' lang='lat' dir='ltr'>ut</span> <span class='ocrx_word' id='word_1_141' title='bbox 531 1044 601 1077; x_wconf 89' lang='lat' dir='ltr'>iam</span> <span class='ocrx_word' id='word_1_142' title='bbox 627 1055 661 1087; x_wconf 90' lang='lat' dir='ltr'>p.</span> <span class='ocrx_word' id='word_1_143' title='bbox 706 1051 746 1086; x_wconf 95' lang='lat'>17</span> <span class='ocrx_word' id='word_1_144' title='bbox 774 1044 919 1082; x_wconf 84' lang='lat' dir='ltr'>conieci,</span> <span class='ocrx_word' id='word_1_145' title='bbox 947 1044 981 1077; x_wconf 93' lang='lat' dir='ltr'>in</span> <span class='ocrx_word' id='word_1_146' title='bbox 1007 1048 1157 1077; x_wconf 91' lang='lat' dir='ltr'>tractatu</span> <span class='ocrx_word' id='word_1_147' title='bbox 1194 1043 1275 1087; x_wconf 80' lang='grc' dir='ltr'><strong><em>περὶ</em></strong></span> <span class='ocrx_word' id='word_1_148' title='bbox 1311 1040 1569 1087; x_wconf 78' lang='grc' dir='ltr'>ὀρθογραφίας,</span> 
     </span>
     <span class='ocr_line' id='line_1_18' title="bbox 146 1102 1574 1149; baseline -0.001 -11"><span class='ocrx_word' id='word_1_149' title='bbox 146 1105 181 1138; x_wconf 89' lang='lat' dir='ltr'>in</span> <span class='ocrx_word' id='word_1_150' title='bbox 219 1116 293 1149; x_wconf 90' lang='lat' dir='ltr'>quo</span> <span class='ocrx_word' id='word_1_151' title='bbox 331 1103 591 1137; x_wconf 90' lang='lat' dir='ltr'>conscribendo</span> <span class='ocrx_word' id='word_1_152' title='bbox 636 1114 682 1136; x_wconf 90' lang='lat' dir='ltr'>ex</span> <span class='ocrx_word' id='word_1_153' title='bbox 720 1103 793 1136; x_wconf 85' lang='lat' dir='ltr'>aliis</span> <span class='ocrx_word' id='word_1_154' title='bbox 832 1103 920 1136; x_wconf 88' lang='lat' dir='ltr'>Plini</span> <span class='ocrx_word' id='word_1_155' title='bbox 959 1102 1055 1136; x_wconf 90' lang='lat' dir='ltr'>libris</span> <span class='ocrx_word' id='word_1_156' title='bbox 1093 1113 1175 1136; x_wconf 91' lang='lat' dir='ltr'>eum</span> <span class='ocrx_word' id='word_1_157' title='bbox 1220 1102 1383 1136; x_wconf 82' lang='lat' dir='ltr'>hausisse</span> <span class='ocrx_word' id='word_1_158' title='bbox 1427 1113 1574 1136; x_wconf 88' lang='lat' dir='ltr'>consen-</span> 
     </span>
     <span class='ocr_line' id='line_1_19' title="bbox 146 1163 1573 1209; baseline -0.001 -10"><span class='ocrx_word' id='word_1_159' title='bbox 146 1170 291 1200; x_wconf 90' lang='lat' dir='ltr'>taneum</span> <span class='ocrx_word' id='word_1_160' title='bbox 333 1169 406 1204; x_wconf 88' lang='lat' dir='ltr'>est,</span> <span class='ocrx_word' id='word_1_161' title='bbox 454 1164 535 1207; x_wconf 84' lang='lat' dir='ltr'>quia</span> <span class='ocrx_word' id='word_1_162' title='bbox 572 1164 606 1197; x_wconf 91' lang='lat' dir='ltr'>in</span> <span class='ocrx_word' id='word_1_163' title='bbox 641 1164 701 1204; x_wconf 88' lang='lat' dir='ltr'>Vl,</span> <span class='ocrx_word' id='word_1_164' title='bbox 749 1169 921 1209; x_wconf 91' lang='lat' dir='ltr'>quantum</span> <span class='ocrx_word' id='word_1_165' title='bbox 957 1164 1136 1205; x_wconf 89' lang='lat' dir='ltr'>videmus,</span> <span class='ocrx_word' id='word_1_166' title='bbox 1174 1163 1259 1197; x_wconf 89' lang='lat' dir='ltr'>nihil</span> <span class='ocrx_word' id='word_1_167' title='bbox 1298 1164 1361 1197; x_wconf 89' lang='lat' dir='ltr'>nisi</span> <span class='ocrx_word' id='word_1_168' title='bbox 1389 1163 1573 1197; x_wconf 88' lang='lat' dir='ltr'>nominum</span> 
     </span>
     <span class='ocr_line' id='line_1_20' title="bbox 146 1224 1573 1268; baseline -0.001 -10"><span class='ocrx_word' id='word_1_169' title='bbox 146 1225 401 1260; x_wconf 84' lang='lat' dir='ltr'>declinationes</span> <span class='ocrx_word' id='word_1_170' title='bbox 446 1229 685 1268; x_wconf 87' lang='lat' dir='ltr'>pertractatae</span> <span class='ocrx_word' id='word_1_171' title='bbox 726 1229 835 1258; x_wconf 88' lang='lat' dir='ltr'>erant.</span> <span class='ocrx_word' id='word_1_172' title='bbox 896 1224 1055 1258; x_wconf 88' lang='lat' dir='ltr'>Tametsi</span> <span class='ocrx_word' id='word_1_173' title='bbox 1091 1224 1266 1258; x_wconf 86' lang='lat' dir='ltr'>Schottm.</span> <span class='ocrx_word' id='word_1_174' title='bbox 1306 1235 1340 1268; x_wconf 90' lang='lat' dir='ltr'>p.</span> <span class='ocrx_word' id='word_1_175' title='bbox 1380 1233 1424 1267; x_wconf 81' lang='grc'>43</span> <span class='ocrx_word' id='word_1_176' title='bbox 1467 1224 1573 1258; x_wconf 86' lang='lat' dir='ltr'>etiam</span> 
     </span>
     <span class='ocr_line' id='line_1_21' title="bbox 144 1280 1574 1329; baseline -0.001 -9"><span class='ocrx_word' id='word_1_177' title='bbox 144 1285 265 1321; x_wconf 90' lang='lat' dir='ltr'>titulos</span> <span class='ocrx_word' id='word_1_178' title='bbox 302 1284 483 1319; x_wconf 83' lang='lat' dir='ltr'>›balteus‹</span> <span class='ocrx_word' id='word_1_179' title='bbox 528 1293 589 1329; x_wconf 86' lang='lat'>77,</span> <span class='ocrx_word' id='word_1_180' title='bbox 628 1292 659 1328; x_wconf 83' lang='lat'>5,</span> <span class='ocrx_word' id='word_1_181' title='bbox 696 1284 864 1329; x_wconf 84' lang='lat' dir='ltr'>›gibber‹</span> <span class='ocrx_word' id='word_1_182' title='bbox 908 1286 964 1328; x_wconf 83' lang='lat'>85,</span> <span class='ocrx_word' id='word_1_183' title='bbox 1000 1284 1033 1325; x_wconf 93' lang='lat'>6,</span> <span class='ocrx_word' id='word_1_184' title='bbox 1066 1289 1230 1319; x_wconf 74' lang='lat' dir='ltr'>›vertex‹</span> <span class='ocrx_word' id='word_1_185' title='bbox 1270 1285 1326 1325; x_wconf 92' lang='lat'>88,</span> <span class='ocrx_word' id='word_1_186' title='bbox 1366 1280 1423 1325; x_wconf 80' lang='lat'>16,</span> <span class='ocrx_word' id='word_1_187' title='bbox 1459 1295 1574 1329; x_wconf 88' lang='lat' dir='ltr'>›pam-</span> 
     </span>
     <span class='ocr_line' id='line_1_22' title="bbox 145 1345 1573 1392; baseline -0.001 -11"><span class='ocrx_word' id='word_1_188' title='bbox 145 1347 271 1392; x_wconf 84' lang='lat' dir='ltr'>pinus‹</span> <span class='ocrx_word' id='word_1_189' title='bbox 328 1354 416 1388; x_wconf 84' lang='lat'>105,</span> <span class='ocrx_word' id='word_1_190' title='bbox 470 1355 511 1388; x_wconf 87' lang='lat'>19</span> <span class='ocrx_word' id='word_1_191' title='bbox 559 1346 675 1379; x_wconf 88' lang='lat' dir='ltr'>eidem</span> <span class='ocrx_word' id='word_1_192' title='bbox 716 1346 807 1379; x_wconf 91' lang='lat' dir='ltr'>libro</span> <span class='ocrx_word' id='word_1_193' title='bbox 850 1346 1038 1389; x_wconf 87' lang='lat' dir='ltr'>adsignare</span> <span class='ocrx_word' id='word_1_194' title='bbox 1087 1350 1252 1385; x_wconf 84' lang='lat' dir='ltr'>conatur,</span> <span class='ocrx_word' id='word_1_195' title='bbox 1293 1345 1402 1379; x_wconf 90' lang='lat' dir='ltr'>credo</span> <span class='ocrx_word' id='word_1_196' title='bbox 1441 1345 1573 1379; x_wconf 88' lang='lat' dir='ltr'>iniuria.</span> 
     </span>
     <span class='ocr_line' id='line_1_23' title="bbox 146 1405 1575 1452; baseline -0.001 -10"><span class='ocrx_word' id='word_1_197' title='bbox 146 1407 312 1452; x_wconf 90' lang='lat' dir='ltr'>Namque</span> <span class='ocrx_word' id='word_1_198' title='bbox 356 1411 519 1441; x_wconf 80' lang='lat' dir='ltr'>›vertex‹</span> <span class='ocrx_word' id='word_1_199' title='bbox 562 1406 706 1446; x_wconf 86' lang='lat' dir='ltr'>saltem,</span> <span class='ocrx_word' id='word_1_200' title='bbox 748 1406 807 1440; x_wconf 92' lang='lat' dir='ltr'>ubi</span> <span class='ocrx_word' id='word_1_201' title='bbox 845 1406 1074 1440; x_wconf 90' lang='lat' dir='ltr'>solummodo</span> <span class='ocrx_word' id='word_1_202' title='bbox 1113 1406 1158 1440; x_wconf 89' lang='lat' dir='ltr'>de</span> <span class='ocrx_word' id='word_1_203' title='bbox 1194 1418 1213 1440; x_wconf 90' lang='lat' dir='ltr'>e</span> <span class='ocrx_word' id='word_1_204' title='bbox 1251 1405 1308 1441; x_wconf 87' lang='lat' dir='ltr'>vel</span> <span class='ocrx_word' id='word_1_205' title='bbox 1343 1417 1376 1445; x_wconf 86' lang='lat' dir='ltr'>o,</span> <span class='ocrx_word' id='word_1_206' title='bbox 1416 1417 1488 1440; x_wconf 91' lang='lat' dir='ltr'>non</span> <span class='ocrx_word' id='word_1_207' title='bbox 1530 1406 1575 1441; x_wconf 91' lang='lat' dir='ltr'>de</span> 
     </span>
     <span class='ocr_line' id='line_1_24' title="bbox 149 1467 1575 1512; baseline -0.001 -10"><span class='ocrx_word' id='word_1_208' title='bbox 149 1468 397 1503; x_wconf 88' lang='lat' dir='ltr'>terminatione</span> <span class='ocrx_word' id='word_1_209' title='bbox 435 1468 634 1512; x_wconf 88' lang='lat' dir='ltr'>quaeritur,</span> <span class='ocrx_word' id='word_1_210' title='bbox 674 1479 745 1501; x_wconf 88' lang='lat' dir='ltr'>non</span> <span class='ocrx_word' id='word_1_211' title='bbox 785 1467 819 1501; x_wconf 94' lang='lat' dir='ltr'>in</span> <span class='ocrx_word' id='word_1_212' title='bbox 851 1467 947 1501; x_wconf 92' lang='lat' dir='ltr'>illum</span> <span class='ocrx_word' id='word_1_213' title='bbox 987 1467 1164 1507; x_wconf 87' lang='lat' dir='ltr'>convenit,</span> <span class='ocrx_word' id='word_1_214' title='bbox 1202 1467 1266 1500; x_wconf 91' lang='lat' dir='ltr'>sed</span> <span class='ocrx_word' id='word_1_215' title='bbox 1303 1467 1422 1511; x_wconf 89' lang='lat' dir='ltr'>potius</span> <span class='ocrx_word' id='word_1_216' title='bbox 1462 1467 1508 1501; x_wconf 92' lang='lat' dir='ltr'>ad</span> <span class='ocrx_word' id='word_1_217' title='bbox 1543 1467 1575 1501; x_wconf 89' lang='lat'>11</span> 
     </span>
     <span class='ocr_line' id='line_1_25' title="bbox 148 1528 1575 1572; baseline -0.001 -9"><span class='ocrx_word' id='word_1_218' title='bbox 148 1528 301 1567; x_wconf 83' lang='lat' dir='ltr'>librum,</span> <span class='ocrx_word' id='word_1_219' title='bbox 346 1528 380 1561; x_wconf 89' lang='lat' dir='ltr'>in</span> <span class='ocrx_word' id='word_1_220' title='bbox 419 1539 492 1572; x_wconf 93' lang='lat' dir='ltr'>quo</span> <span class='ocrx_word' id='word_1_221' title='bbox 531 1528 576 1561; x_wconf 89' lang='lat' dir='ltr'>de</span> <span class='ocrx_word' id='word_1_222' title='bbox 616 1528 724 1562; x_wconf 91' lang='lat' dir='ltr'>rebus</span> <span class='ocrx_word' id='word_1_223' title='bbox 765 1528 1051 1572; x_wconf 85' lang='lat' dir='ltr'>orthographicis</span> <span class='ocrx_word' id='word_1_224' title='bbox 1092 1532 1211 1561; x_wconf 89' lang='lat' dir='ltr'>actum</span> <span class='ocrx_word' id='word_1_225' title='bbox 1254 1538 1331 1561; x_wconf 90' lang='lat' dir='ltr'>esse</span> <span class='ocrx_word' id='word_1_226' title='bbox 1375 1528 1575 1572; x_wconf 89' lang='lat' dir='ltr'>putandum</span> 
     </span>
     <span class='ocr_line' id='line_1_26' title="bbox 150 1588 1574 1634; baseline 0 -10"><span class='ocrx_word' id='word_1_227' title='bbox 150 1594 216 1630; x_wconf 88' lang='lat' dir='ltr'>est,</span> <span class='ocrx_word' id='word_1_228' title='bbox 243 1589 420 1634; x_wconf 89' lang='lat' dir='ltr'>pertinere</span> <span class='ocrx_word' id='word_1_229' title='bbox 445 1588 594 1624; x_wconf 88' lang='lat' dir='ltr'>videtur.</span> <span class='ocrx_word' id='word_1_230' title='bbox 647 1589 772 1633; x_wconf 92' lang='lat' dir='ltr'>Neque</span> <span class='ocrx_word' id='word_1_231' title='bbox 798 1600 890 1633; x_wconf 87' lang='lat' dir='ltr'>quae</span> <span class='ocrx_word' id='word_1_232' title='bbox 917 1589 1111 1623; x_wconf 87' lang='lat' dir='ltr'>Priscianus</span> <span class='ocrx_word' id='word_1_233' title='bbox 1136 1588 1205 1624; x_wconf 92' lang='lat' dir='ltr'>vol.</span> <span class='ocrx_word' id='word_1_234' title='bbox 1223 1588 1238 1622; x_wconf 94' lang='lat' dir='ltr'>I</span> <span class='ocrx_word' id='word_1_235' title='bbox 1255 1600 1291 1633; x_wconf 91' lang='lat' dir='ltr'>p.</span> <span class='ocrx_word' id='word_1_236' title='bbox 1323 1596 1400 1632; x_wconf 87' lang='grc'>594,</span> <span class='ocrx_word' id='word_1_237' title='bbox 1431 1597 1473 1631; x_wconf 90' lang='lat'>23</span> <span class='ocrx_word' id='word_1_238' title='bbox 1503 1589 1574 1633; x_wconf 83' lang='lat' dir='ltr'>(ed.</span> 
     </span>
     <span class='ocr_line' id='line_1_27' title="bbox 150 1649 1576 1694; baseline 0 -10"><span class='ocrx_word' id='word_1_239' title='bbox 150 1650 275 1694; x_wconf 85' lang='lat' dir='ltr'>Hertz)</span> <span class='ocrx_word' id='word_1_240' title='bbox 307 1649 458 1683; x_wconf 89' lang='lat' dir='ltr'>Plinium</span> <span class='ocrx_word' id='word_1_241' title='bbox 494 1649 528 1683; x_wconf 92' lang='lat' dir='ltr'>in</span> <span class='ocrx_word' id='word_1_242' title='bbox 557 1649 589 1682; x_wconf 86' lang='grc' dir='ltr'>ΙΙ</span> <span class='ocrx_word' id='word_1_243' title='bbox 615 1649 712 1682; x_wconf 90' lang='lat' dir='ltr'>dubii</span> <span class='ocrx_word' id='word_1_244' title='bbox 745 1649 918 1683; x_wconf 88' lang='lat' dir='ltr'>sermonis</span> <span class='ocrx_word' id='word_1_245' title='bbox 951 1649 1041 1683; x_wconf 93' lang='lat' dir='ltr'>libro</span> <span class='ocrx_word' id='word_1_246' title='bbox 1074 1649 1266 1692; x_wconf 84' lang='lat' dir='ltr'>quaesiisse</span> <span class='ocrx_word' id='word_1_247' title='bbox 1300 1650 1429 1694; x_wconf 89' lang='lat' dir='ltr'>prodit,</span> <span class='ocrx_word' id='word_1_248' title='bbox 1466 1661 1576 1694; x_wconf 88' lang='lat' dir='ltr'>quare</span> 
     </span>
     <span class='ocr_line' id='line_1_28' title="bbox 153 1708 1575 1753; baseline 0.002 -11"><span class='ocrx_word' id='word_1_249' title='bbox 153 1710 397 1749; x_wconf 78' lang='lat' dir='ltr'>»nobiscum«,</span> <span class='ocrx_word' id='word_1_250' title='bbox 425 1720 496 1743; x_wconf 87' lang='lat' dir='ltr'>non</span> <span class='ocrx_word' id='word_1_251' title='bbox 528 1720 629 1742; x_wconf 79' lang='lat' dir='ltr'>»cum</span> <span class='ocrx_word' id='word_1_252' title='bbox 657 1708 780 1743; x_wconf 80' lang='lat' dir='ltr'>nobis«</span> <span class='ocrx_word' id='word_1_253' title='bbox 817 1710 885 1743; x_wconf 89' lang='lat' dir='ltr'>dici</span> <span class='ocrx_word' id='word_1_254' title='bbox 920 1710 1077 1749; x_wconf 86' lang='lat' dir='ltr'>deberet,</span> <span class='ocrx_word' id='word_1_255' title='bbox 1103 1720 1124 1743; x_wconf 87' lang='lat' dir='ltr'>a</span> <span class='ocrx_word' id='word_1_256' title='bbox 1155 1710 1422 1753; x_wconf 83' lang='lat' dir='ltr'>quaestionibus</span> <span class='ocrx_word' id='word_1_257' title='bbox 1457 1710 1575 1745; x_wconf 85' lang='lat' dir='ltr'>ortho-</span> 
     </span>
     <span class='ocr_line' id='line_1_29' title="bbox 148 1769 1574 1816; baseline 0.001 -12"><span class='ocrx_word' id='word_1_258' title='bbox 148 1770 326 1815; x_wconf 83' lang='lat' dir='ltr'>graphicis</span> <span class='ocrx_word' id='word_1_259' title='bbox 351 1769 544 1804; x_wconf 82' lang='lat' dir='ltr'>abhorrent</span> <span class='ocrx_word' id='word_1_260' title='bbox 572 1791 617 1795; x_wconf 80' lang='lat'>—</span> <span class='ocrx_word' id='word_1_261' title='bbox 642 1770 829 1804; x_wconf 86' lang='lat' dir='ltr'>dumtaxat</span> <span class='ocrx_word' id='word_1_262' title='bbox 861 1782 929 1814; x_wconf 91' lang='lat' dir='ltr'>qua</span> <span class='ocrx_word' id='word_1_263' title='bbox 954 1771 1088 1805; x_wconf 88' lang='lat' dir='ltr'>ratione</span> <span class='ocrx_word' id='word_1_264' title='bbox 1115 1770 1163 1803; x_wconf 94' lang='lat' dir='ltr'>ibi</span> <span class='ocrx_word' id='word_1_265' title='bbox 1182 1770 1434 1816; x_wconf 88' lang='lat' dir='ltr'>disceptantur.</span> <span class='ocrx_word' id='word_1_266' title='bbox 1475 1770 1574 1805; x_wconf 88' lang='lat' dir='ltr'>Cete-</span> 
     </span>
     <span class='ocr_line' id='line_1_30' title="bbox 148 1830 1576 1876; baseline 0.001 -11"><span class='ocrx_word' id='word_1_267' title='bbox 148 1842 227 1865; x_wconf 89' lang='lat' dir='ltr'>rum</span> <span class='ocrx_word' id='word_1_268' title='bbox 256 1831 434 1865; x_wconf 76' lang='lat' dir='ltr'>›balteus‹</span> <span class='ocrx_word' id='word_1_269' title='bbox 464 1835 500 1864; x_wconf 93' lang='lat' dir='ltr'>et</span> <span class='ocrx_word' id='word_1_270' title='bbox 530 1830 763 1875; x_wconf 83' lang='lat' dir='ltr'>›pampinus‹</span> <span class='ocrx_word' id='word_1_271' title='bbox 794 1831 914 1864; x_wconf 88' lang='lat' dir='ltr'>nescio</span> <span class='ocrx_word' id='word_1_272' title='bbox 938 1842 983 1864; x_wconf 87' lang='lat' dir='ltr'>an</span> <span class='ocrx_word' id='word_1_273' title='bbox 1010 1831 1025 1865; x_wconf 90' lang='grc' dir='ltr'>Ι</span> <span class='ocrx_word' id='word_1_274' title='bbox 1055 1830 1133 1865; x_wconf 86' lang='lat' dir='ltr'>libri</span> <span class='ocrx_word' id='word_1_275' title='bbox 1160 1830 1365 1876; x_wconf 85' lang='lat' dir='ltr'>fragmentis</span> <span class='ocrx_word' id='word_1_276' title='bbox 1391 1831 1576 1867; x_wconf 85' lang='lat' dir='ltr'>inserenda</span> 
     </span>
     <span class='ocr_line' id='line_1_31' title="bbox 147 1891 1575 1937; baseline 0 -10"><span class='ocrx_word' id='word_1_277' title='bbox 147 1892 228 1932; x_wconf 87' lang='lat' dir='ltr'>sint,</span> <span class='ocrx_word' id='word_1_278' title='bbox 256 1892 304 1925; x_wconf 57' lang='lat' dir='ltr'>in*</span> <span class='ocrx_word' id='word_1_279' title='bbox 323 1904 396 1937; x_wconf 92' lang='lat' dir='ltr'>quo</span> <span class='ocrx_word' id='word_1_280' title='bbox 423 1892 573 1925; x_wconf 89' lang='lat' dir='ltr'>Plinium</span> <span class='ocrx_word' id='word_1_281' title='bbox 611 1891 656 1925; x_wconf 91' lang='lat' dir='ltr'>de</span> <span class='ocrx_word' id='word_1_282' title='bbox 690 1902 861 1934; x_wconf 82' lang='lat' dir='ltr'>generum</span> <span class='ocrx_word' id='word_1_283' title='bbox 895 1892 1119 1926; x_wconf 86' lang='lat' dir='ltr'>distinctione</span> <span class='ocrx_word' id='word_1_284' title='bbox 1155 1893 1356 1936; x_wconf 89' lang='lat' dir='ltr'>disputasse</span> <span class='ocrx_word' id='word_1_285' title='bbox 1382 1905 1402 1927; x_wconf 92' lang='lat' dir='ltr'>e</span> <span class='ocrx_word' id='word_1_286' title='bbox 1426 1893 1530 1927; x_wconf 87' lang='lat' dir='ltr'>Prisc.</span> <span class='ocrx_word' id='word_1_287' title='bbox 1561 1894 1575 1927; x_wconf 94' lang='lat' dir='ltr'>I</span> 
     </span>
     <span class='ocr_line' id='line_1_32' title="bbox 146 1953 1001 1998; baseline 0 -11"><span class='ocrx_word' id='word_1_288' title='bbox 146 1962 230 1998; x_wconf 85' lang='lat'>233,</span> <span class='ocrx_word' id='word_1_289' title='bbox 265 1962 304 1987; x_wconf 89' lang='lat'>12</span> <span class='ocrx_word' id='word_1_290' title='bbox 332 1958 368 1987; x_wconf 86' lang='lat' dir='ltr'>et</span> <span class='ocrx_word' id='word_1_291' title='bbox 396 1953 476 1992; x_wconf 89' lang='grc'><strong>262,</strong></span> <span class='ocrx_word' id='word_1_292' title='bbox 510 1961 550 1996; x_wconf 92' lang='lat'>17</span> <span class='ocrx_word' id='word_1_293' title='bbox 579 1958 789 1998; x_wconf 88' lang='lat' dir='ltr'>conpertum</span> <span class='ocrx_word' id='word_1_294' title='bbox 817 1953 1001 1987; x_wconf 89' lang='lat' dir='ltr'>habemus.</span> 
     </span>
    </p>

    <p class='ocr_par' dir='ltr' id='par_1_7' title="bbox 146 2013 1576 2484">
     <span class='ocr_line' id='line_1_33' title="bbox 265 2013 1575 2058; baseline 0.002 -12"><span class='ocrx_word' id='word_1_295' title='bbox 265 2014 368 2058; x_wconf 82' lang='lat' dir='ltr'>Quae</span> <span class='ocrx_word' id='word_1_296' title='bbox 392 2018 580 2058; x_wconf 90' lang='lat' dir='ltr'>praeterea</span> <span class='ocrx_word' id='word_1_297' title='bbox 606 2024 627 2046; x_wconf 93' lang='lat' dir='ltr'>a</span> <span class='ocrx_word' id='word_1_298' title='bbox 655 2013 765 2047; x_wconf 91' lang='lat' dir='ltr'>Plinio</span> <span class='ocrx_word' id='word_1_299' title='bbox 792 2014 959 2047; x_wconf 88' lang='lat' dir='ltr'>translata</span> <span class='ocrx_word' id='word_1_300' title='bbox 986 2025 1063 2048; x_wconf 89' lang='lat' dir='ltr'>esse</span> <span class='ocrx_word' id='word_1_301' title='bbox 1095 2014 1242 2048; x_wconf 89' lang='lat' dir='ltr'>arbitrer</span> <span class='ocrx_word' id='word_1_302' title='bbox 1268 2015 1465 2048; x_wconf 86' lang='lat' dir='ltr'>ostendam.</span> <span class='ocrx_word' id='word_1_303' title='bbox 1518 2015 1575 2049; x_wconf 89' lang='lat' dir='ltr'>Ti-</span> 
     </span>
     <span class='ocr_line' id='line_1_34' title="bbox 147 2073 1573 2120; baseline 0.001 -11"><span class='ocrx_word' id='word_1_304' title='bbox 147 2074 260 2109; x_wconf 87' lang='lat' dir='ltr'>tulum</span> <span class='ocrx_word' id='word_1_305' title='bbox 299 2074 441 2108; x_wconf 82' lang='lat' dir='ltr'>›lactis‹</span> <span class='ocrx_word' id='word_1_306' title='bbox 482 2082 557 2113; x_wconf 85' lang='lat'>102,</span> <span class='ocrx_word' id='word_1_307' title='bbox 590 2083 615 2115; x_wconf 90' lang='lat'><strong>4</strong></span> <span class='ocrx_word' id='word_1_308' title='bbox 651 2073 844 2108; x_wconf 89' lang='lat' dir='ltr'>Plinianum</span> <span class='ocrx_word' id='word_1_309' title='bbox 880 2085 958 2108; x_wconf 88' lang='lat' dir='ltr'>esse</span> <span class='ocrx_word' id='word_1_310' title='bbox 993 2075 1223 2120; x_wconf 87' lang='lat' dir='ltr'>conpluribus</span> <span class='ocrx_word' id='word_1_311' title='bbox 1258 2075 1363 2109; x_wconf 90' lang='lat' dir='ltr'>rebus</span> <span class='ocrx_word' id='word_1_312' title='bbox 1394 2076 1573 2110; x_wconf 84' lang='lat' dir='ltr'>suadetur.</span> 
     </span>
     <span class='ocr_line' id='line_1_35' title="bbox 147 2133 1576 2181; baseline 0.001 -12"><span class='ocrx_word' id='word_1_313' title='bbox 147 2136 179 2170; x_wconf 90' lang='lat' dir='ltr'>E</span> <span class='ocrx_word' id='word_1_314' title='bbox 204 2135 369 2169; x_wconf 91' lang='lat' dir='ltr'>Prisciani</span> <span class='ocrx_word' id='word_1_315' title='bbox 396 2135 477 2169; x_wconf 94' lang='lat' dir='ltr'>loco</span> <span class='ocrx_word' id='word_1_316' title='bbox 509 2134 554 2167; x_wconf 91' lang='lat' dir='ltr'>illi</span> <span class='ocrx_word' id='word_1_317' title='bbox 581 2133 683 2167; x_wconf 90' lang='lat' dir='ltr'>simili</span> <span class='ocrx_word' id='word_1_318' title='bbox 717 2134 743 2178; x_wconf 89' lang='grc' dir='ltr'>(Ι</span> <span class='ocrx_word' id='word_1_319' title='bbox 771 2143 850 2174; x_wconf 90' lang='lat'>212,</span> <span class='ocrx_word' id='word_1_320' title='bbox 879 2137 916 2178; x_wconf 89' lang='lat'>4)</span> <span class='ocrx_word' id='word_1_321' title='bbox 950 2135 1176 2168; x_wconf 86' lang='lat' dir='ltr'>manifestum</span> <span class='ocrx_word' id='word_1_322' title='bbox 1204 2135 1243 2169; x_wconf 87' lang='lat' dir='ltr'>fit</span> <span class='ocrx_word' id='word_1_323' title='bbox 1277 2136 1384 2169; x_wconf 90' lang='lat' dir='ltr'>etiam</span> <span class='ocrx_word' id='word_1_324' title='bbox 1409 2147 1430 2169; x_wconf 91' lang='lat' dir='ltr'>a</span> <span class='ocrx_word' id='word_1_325' title='bbox 1457 2137 1576 2181; x_wconf 85' lang='lat' dir='ltr'>Capro</span> 
     </span>
     <span class='ocr_line' id='line_1_36' title="bbox 147 2194 1576 2241; baseline 0.001 -12"><span class='ocrx_word' id='word_1_326' title='bbox 147 2194 239 2229; x_wconf 91' lang='lat' dir='ltr'>hanc</span> <span class='ocrx_word' id='word_1_327' title='bbox 270 2195 520 2239; x_wconf 89' lang='lat' dir='ltr'>quaestionem</span> <span class='ocrx_word' id='word_1_328' title='bbox 554 2205 632 2228; x_wconf 89' lang='lat' dir='ltr'>esse</span> <span class='ocrx_word' id='word_1_329' title='bbox 667 2194 880 2237; x_wconf 81' lang='lat' dir='ltr'>expositam.</span> <span class='ocrx_word' id='word_1_330' title='bbox 916 2200 951 2229; x_wconf 89' lang='lat' dir='ltr'>et</span> <span class='ocrx_word' id='word_1_331' title='bbox 986 2194 1099 2240; x_wconf 89' lang='lat' dir='ltr'>planis</span> <span class='ocrx_word' id='word_1_332' title='bbox 1130 2196 1247 2230; x_wconf 91' lang='lat' dir='ltr'>verbis</span> <span class='ocrx_word' id='word_1_333' title='bbox 1284 2196 1430 2233; x_wconf 89' lang='lat' dir='ltr'>dicitur:</span> <span class='ocrx_word' id='word_1_334' title='bbox 1459 2197 1576 2241; x_wconf 84' lang='lat' dir='ltr'>»apud</span> 
     </span>
     <span class='ocr_line' id='line_1_37' title="bbox 148 2255 1574 2301; baseline 0.001 -11"><span class='ocrx_word' id='word_1_335' title='bbox 148 2267 255 2301; x_wconf 87' lang='lat' dir='ltr'>quem</span> <span class='ocrx_word' id='word_1_336' title='bbox 282 2255 448 2300; x_wconf 90' lang='lat' dir='ltr'>exempla</span> <span class='ocrx_word' id='word_1_337' title='bbox 472 2255 642 2289; x_wconf 77' lang='lat' dir='ltr'>invenis«.</span> <span class='ocrx_word' id='word_1_338' title='bbox 697 2255 792 2289; x_wconf 87' lang='lat' dir='ltr'>Inter</span> <span class='ocrx_word' id='word_1_339' title='bbox 827 2266 918 2298; x_wconf 89' lang='lat' dir='ltr'>quae</span> <span class='ocrx_word' id='word_1_340' title='bbox 949 2257 1057 2290; x_wconf 89' lang='lat' dir='ltr'>etiam</span> <span class='ocrx_word' id='word_1_341' title='bbox 1082 2255 1327 2290; x_wconf 87' lang='lat' dir='ltr'>Charisianum</span> <span class='ocrx_word' id='word_1_342' title='bbox 1353 2257 1436 2291; x_wconf 90' lang='lat' dir='ltr'>illud</span> <span class='ocrx_word' id='word_1_343' title='bbox 1462 2269 1482 2291; x_wconf 83' lang='lat' dir='ltr'>a</span> <span class='ocrx_word' id='word_1_344' title='bbox 1508 2257 1574 2291; x_wconf 93' lang='lat' dir='ltr'>Ca-</span> 
     </span>
     <span class='ocr_line' id='line_1_38' title="bbox 146 2314 1574 2363; baseline 0.001 -13"><span class='ocrx_word' id='word_1_345' title='bbox 146 2321 233 2350; x_wconf 89' lang='lat' dir='ltr'>tone</span> <span class='ocrx_word' id='word_1_346' title='bbox 259 2315 461 2361; x_wconf 89' lang='lat' dir='ltr'>profectum</span> <span class='ocrx_word' id='word_1_347' title='bbox 488 2315 594 2348; x_wconf 75' lang='lat' dir='ltr'>fuisse</span> <span class='ocrx_word' id='word_1_348' title='bbox 621 2314 784 2349; x_wconf 90' lang='lat' dir='ltr'>conicere</span> <span class='ocrx_word' id='word_1_349' title='bbox 810 2315 899 2355; x_wconf 89' lang='lat' dir='ltr'>licet,</span> <span class='ocrx_word' id='word_1_350' title='bbox 929 2317 1136 2360; x_wconf 86' lang='lat' dir='ltr'>praesertim</span> <span class='ocrx_word' id='word_1_351' title='bbox 1163 2317 1191 2350; x_wconf 93' lang='lat' dir='ltr'>si</span> <span class='ocrx_word' id='word_1_352' title='bbox 1218 2317 1342 2351; x_wconf 90' lang='lat' dir='ltr'>anecd.</span> <span class='ocrx_word' id='word_1_353' title='bbox 1369 2317 1511 2352; x_wconf 90' lang='lat' dir='ltr'>Helvet.</span> <span class='ocrx_word' id='word_1_354' title='bbox 1539 2329 1574 2363; x_wconf 92' lang='lat' dir='ltr'>p.</span> 
     </span>
     <span class='ocr_line' id='line_1_39' title="bbox 152 2376 1575 2422; baseline 0.001 -11"><span class='ocrx_word' id='word_1_355' title='bbox 152 2386 229 2418; x_wconf 91' lang='lat'>120,</span> <span class='ocrx_word' id='word_1_356' title='bbox 259 2387 276 2420; x_wconf 92' lang='lat'>3</span> <span class='ocrx_word' id='word_1_357' title='bbox 305 2388 383 2422; x_wconf 90' lang='lat' dir='ltr'>sqq.</span> <span class='ocrx_word' id='word_1_358' title='bbox 421 2376 592 2416; x_wconf 86' lang='lat' dir='ltr'>conferas,</span> <span class='ocrx_word' id='word_1_359' title='bbox 632 2376 691 2410; x_wconf 90' lang='lat' dir='ltr'>ubi</span> <span class='ocrx_word' id='word_1_360' title='bbox 724 2388 796 2410; x_wconf 92' lang='lat' dir='ltr'>non</span> <span class='ocrx_word' id='word_1_361' title='bbox 828 2377 944 2411; x_wconf 91' lang='lat' dir='ltr'>solum</span> <span class='ocrx_word' id='word_1_362' title='bbox 977 2378 1071 2411; x_wconf 90' lang='lat' dir='ltr'>idem</span> <span class='ocrx_word' id='word_1_363' title='bbox 1107 2377 1342 2412; x_wconf 84' lang='lat' dir='ltr'>Catonianum</span> <span class='ocrx_word' id='word_1_364' title='bbox 1378 2378 1575 2418; x_wconf 88' lang='lat' dir='ltr'>exhibetur,</span> 
     </span>
     <span class='ocr_line' id='line_1_40' title="bbox 146 2437 1576 2484; baseline 0 -12"><span class='ocrx_word' id='word_1_365' title='bbox 146 2437 211 2473; x_wconf 87' lang='lat' dir='ltr'>sed</span> <span class='ocrx_word' id='word_1_366' title='bbox 250 2438 357 2472; x_wconf 85' lang='lat' dir='ltr'>etiam</span> <span class='ocrx_word' id='word_1_367' title='bbox 397 2437 442 2471; x_wconf 89' lang='lat' dir='ltr'>ad</span> <span class='ocrx_word' id='word_1_368' title='bbox 485 2437 663 2481; x_wconf 75' lang='lat' dir='ltr'>»regulam</span> <span class='ocrx_word' id='word_1_369' title='bbox 690 2437 826 2470; x_wconf 84' lang='lat' dir='ltr'>Plauti«</span> <span class='ocrx_word' id='word_1_370' title='bbox 869 2437 1064 2482; x_wconf 84' lang='lat' dir='ltr'>relegatur:</span> <span class='ocrx_word' id='word_1_371' title='bbox 1112 2439 1205 2473; x_wconf 90' lang='lat' dir='ltr'>unde</span> <span class='ocrx_word' id='word_1_372' title='bbox 1242 2438 1384 2472; x_wconf 86' lang='lat' dir='ltr'>conlato</span> <span class='ocrx_word' id='word_1_373' title='bbox 1409 2439 1576 2484; x_wconf 90' lang='lat' dir='ltr'>exemplo</span> 
     </span>
    </p>
   </div>
  </div>
 </body>
</html>
