1751 2750
840 196 882 228 4¹

161 301 242 340 260,
262 308 314 343 17,
334 300 513 334 Charisius
526 310 607 344 234,
629 303 680 336 16.
699 310 778 346 250,
798 312 811 336 ἰ
821 311 851 347 7,
872 303 1015 337 Servius
1033 302 1093 347 (ad
1108 302 1255 349 Vergil.)
1274 311 1355 346 233,
1379 312 1431 345 14.
1448 311 1530 345 242,
1549 309 1579 346 5.

161 361 241 407 256,
274 371 326 405 14.
356 369 436 405 259,
464 371 519 403 22,
545 362 680 399 Nonius
699 364 778 408 269,
806 373 862 407 24,
880 364 1124 410 (Theoctistus
1143 366 1222 408 238,
1252 365 1299 410 6.)
1335 364 1438 399 Verri
1463 363 1580 399 Flacci

159 423 322 458 notitiam
348 423 472 467 (aeque
497 434 539 457 ac
573 423 658 457 Plini
690 430 726 458 et
758 425 878 458 Valeri
911 425 1032 468 Probi)
1065 424 1183 469 Capro
1219 425 1340 458 deberi
1375 425 1577 458 Priscianus

159 479 237 529 ipse
260 482 400 519 indicat.
453 483 555 527 Quae
581 495 626 517 ex
656 483 745 518 Gelli
775 483 908 518 Donati
934 484 1069 519 Charisi
1100 484 1202 520 Servi
1236 485 1329 520 Noni
1363 485 1459 520 libris
1496 491 1532 520 et
1559 496 1579 520 e

159 544 342 580 catholicis
359 544 564 579 adferuntur
581 545 776 579 Priscianus
792 545 867 579 sine
886 545 996 580 dubio
1013 546 1198 580 inmiscuit.
1244 546 1364 590 Quare
1382 547 1449 580 hos
1467 547 1574 581 etiam

158 606 233 640 aliis
256 605 353 644 locis,
381 604 442 637 ubi
467 615 596 638 nomen
615 616 685 638 non
704 606 854 644 additur,
881 606 1060 639 adhibitos
1077 617 1155 639 esse
1171 606 1310 648 opinari
1338 607 1416 649 quis
1443 607 1567 651 possit.

158 665 267 701 Velut
291 664 406 710 Steup
432 664 452 698 l.
479 664 501 700 1.
528 676 563 710 p.
595 667 670 709 187,
702 677 723 699 a
748 665 828 700 Keil
851 677 903 710 gr.
930 666 970 700 L.
998 666 1049 700 IV
1072 666 1180 711 praef.
1206 678 1240 711 p.
1261 666 1362 701 XXV
1390 667 1575 707 dissidens,

158 737 201 760 ea
233 737 326 770 quae
351 737 432 759 cum
466 725 649 759 catholicis
683 732 881 760 consonant
912 737 982 760 non
1014 731 1087 760 tam
1120 738 1140 760 e
1175 727 1341 760 conmuni
1372 726 1469 762 fonte
1495 732 1575 761 orta

159 797 265 832 quam
291 797 336 820 ex
362 785 425 820 illis
451 786 630 831 exscripta
654 798 732 820 esse
762 787 986 822 existimavit.
1037 784 1267 832 Quamquam
1292 788 1450 832 quisquis
1477 788 1576 823 locos

157 847 384 882 concinentes
408 847 586 881 adtentius
613 848 757 881 intuitus
782 848 847 881 erit
873 846 931 892 (cf.
959 847 1061 881 Prisc.
1096 857 1172 891 199,
1206 858 1248 890 14
1276 848 1460 882 ›schema‹
1492 860 1573 883 cum

158 908 252 944 cath.
278 907 322 943 K.
349 908 398 941 1V
424 908 465 948 6,
495 915 560 951 25;
602 908 690 946 206,
720 917 764 941 22
807 908 958 942 ›homo‹
997 919 1078 941 cum
1110 908 1202 942 cath.
1241 917 1301 949 10,
1339 910 1401 950 283
1439 918 1528 948 212,
1555 919 1579 951 4

164 969 256 1003 »lac«
292 980 373 1003 cum
409 968 500 1002 cath.
531 978 560 1012 7,
588 979 632 1011 4;
674 978 753 1011 244,
783 976 799 1012 5
830 968 1042 1003 ›Chremes‹
1070 980 1152 1002 cum
1177 969 1267 1003 cath.
1298 978 1354 1006 22.
1393 979 1458 1015 243
1493 979 1574 1013 ²49·

159 1039 182 1073 9
217 1030 310 1063 ›vis‹
346 1040 427 1063 cum
463 1029 554 1063 cath.
592 1039 648 1072 31,
690 1031 730 1075 1),
764 1029 865 1063 facile
899 1030 1166 1069 animadvertet,
1202 1040 1294 1073 quae
1328 1030 1363 1063 in
1396 1030 1578 1064 catholicis

158 1090 299 1124 brevius
323 1094 634 1123 conmemorentur
659 1089 715 1123 vel
740 1089 949 1129 indicentur,
982 1089 1080 1134 apud
1105 1089 1320 1123 Priscianum
1356 1089 1517 1124 uberiora
1541 1095 1577 1124 et

158 1156 195 1185 et
218 1161 300 1185 cum
324 1150 446 1184 vicinis
471 1157 548 1184 arte
574 1161 712 1184 conexa
736 1155 772 1183 et
789 1149 1019 1194 amplioribus
1037 1150 1209 1194 exemplis
1224 1150 1408 1184 inlustrata
1426 1156 1574 1190 exstare.

160 1217 198 1246 ut
222 1212 406 1245 conmunis
432 1211 510 1244 fons
535 1212 776 1255 adgnoscatur
808 1222 952 1244 necesse
986 1212 1040 1244 sit.
1094 1210 1213 1254 Quid?
1243 1211 1341 1254 quod
1376 1222 1410 1255 p.
1449 1220 1528 1250 212,
1554 1221 1578 1253 4

160 1283 179 1306 e
204 1271 350 1316 Capro
378 1273 417 1317 (!)
445 1283 483 1305 se
507 1271 665 1305 hausisse
690 1271 765 1317 ipse
783 1271 925 1306 adserit.
975 1271 1147 1316 Idemque
1164 1270 1257 1305 valet
1274 1271 1320 1305 de
1347 1282 1381 1316 p.
1414 1280 1489 1315 199,
1524 1280 1575 1314 14,

160 1333 219 1367 ubi
246 1333 330 1366 Plini
357 1333 517 1367 doctrina
543 1333 600 1378 (cf.
629 1333 723 1367 enim
749 1333 850 1367 Char.
891 1341 906 1375 5
914 1342 943 1375 3,
977 1334 1031 1376 15)
1064 1344 1083 1366 e
1120 1332 1226 1377 Capri
1250 1332 1341 1366 libro
1367 1332 1577 1377 profluxisse

159 1393 396 1427 existimanda
419 1399 483 1433 est,
516 1405 580 1427 nec
619 1394 733 1427 minus
772 1394 816 1427 de
855 1393 932 1427 aliis
968 1393 1195 1438 conpluribus
1221 1392 1317 1426 locis.
1380 1393 1428 1426 Et
1465 1393 1578 1428 simile

159 1455 303 1498 quidem
330 1454 496 1488 iudicium
523 1454 601 1488 ferri
628 1460 773 1498 oportet
799 1455 843 1488 de
875 1454 1034 1499 plurimis
1066 1454 1153 1489 locis
1177 1454 1236 1498 qui
1264 1465 1346 1487 cum
1381 1453 1506 1488 Servio
1541 1460 1578 1489 et

156 1514 317 1548 Charisio
342 1521 378 1549 et
403 1515 520 1549 Nonio
548 1515 692 1549 nomine
717 1515 850 1549 omisso
874 1515 909 1548 in
947 1515 1150 1548 universum
1184 1514 1387 1548 concinunt.
1439 1514 1496 1548 De
1522 1515 1576 1548 his

159 1574 330 1615 Schmidt,
357 1576 401 1609 de
435 1576 553 1610 Nonio
587 1575 753 1609 Marcello
787 1586 819 1619 p.
863 1577 927 1617 148
960 1586 1038 1620 sqq.
1072 1580 1168 1609 recte
1205 1575 1328 1609 statuit
1361 1580 1576 1609 concentum

157 1635 252 1670 illum
277 1636 332 1670 vel
365 1636 411 1669 ad
444 1636 593 1670 Plinium
625 1636 680 1670 vel
712 1636 758 1669 ad
786 1636 947 1669 Probum
981 1635 1036 1668 vel
1073 1636 1119 1669 ad
1157 1635 1313 1680 Captum
1352 1634 1577 1670 referendum

157 1707 244 1730 esse.
297 1696 465 1740 Magnam
491 1708 576 1731 vero
601 1697 679 1730 libri
708 1697 758 1731 VI
793 1702 931 1741 partem
962 1696 1080 1741 Capro
1114 1696 1235 1730 deberi
1270 1696 1471 1730 ostenditur
1503 1696 1577 1730 aliis

157 1757 367 1790 testimoniis
393 1757 605 1797 certissimis,
634 1768 725 1801 quae
751 1757 809 1790 hic
834 1757 1016 1792 adscribo:

272 1817 380 1851 Prisc
407 1829 442 1863 p.
469 1826 550 1861 209,
582 1826 665 1861 17
652 1818 768 1851 ‚Dido
793 1817 1042 1862 Calypso«
1000 1845 1043 1850 -
1070 1816 1172 1852 Char.
1200 1817 1257 1859 63,
1287 1825 1333 1850 20
1359 1822 1395 1850 et
1416 1825 1493 1861 117,
1514 1826 1570 1860 24,

393 1878 452 1912 ubi
479 1878 630 1921 Caper
653 1879 855 1912 nominatur
880 1879 1050 1923 (118,1).

334 1949 366 1982 p.
398 1947 477 1981 229,
510 1947 552 1971 10
579 1938 712 1973 ›lovis‹
743 1967 787 1971 „-
744 1938 939 1983 Pomp.
974 1938 1020 1973 K
1054 1937 1098 1971 V.
1144 1938 1307 1981 187,10
1344 1937 1512 1981 »legimus
1543 1938 1577 1971 in

390 1998 561 2044 Capro:
597 1999 655 2033 hic
686 1998 779 2033 Iovis
810 1998 914 2032 huius
947 1998 1049 2033 Iovis.
1085 1998 1193 2032 etiam
1225 1998 1382 2032 Naevius
1417 1998 1578 2032 Attius

392 2059 566 2092 Pacuvius
592 2070 717 2092 omnes
742 2059 798 2091 isti
825 2063 970 2091 utuntur
986 2057 1056 2091 hoc
1074 2058 1275 2102 exemplo«.
1316 2057 1366 2091 Cf.
1387 2057 1459 2091 Mai
1478 2058 1577 2092 class.

393 2124 524 2153 auctor.
552 2119 587 2153 V
611 2130 644 2164 p.
683 2125 760 2162 151.

281 2216 284 2218 ,
333 2192 366 2224 p.
399 2182 479 2223 238,
501 2181 531 2213 8.
557 2188 596 2222 15
621 2179 754 2214 »femur
777 2178 915 2213 semem
937 2191 981 2211 r:
1010 2178 1109 2213 Serv,
1135 2178 1181 2211 ad
1206 2178 1297 2211 Aen.
1320 2178 1355 2212 X
1378 2188 1448 2221 344
1477 2178 1579 2211 »licet

392 2238 552 2285 Caper
578 2240 620 2273 in
645 2239 782 2273 libris
808 2238 1044 2273 enucleati
1070 2238 1304 2272 sermonis
1329 2237 1424 2271 dicat
1449 2236 1578 2277 femen,

391 2301 457 2335 sed
482 2312 553 2335 non
578 2301 680 2345 ponit
704 2299 942 2345 exemplum«.

268 2348 271 2351 ’
337 2372 371 2406 p.
401 2369 482 2404 243,
515 2370 555 2394 12
587 2360 722 2394 ›farne‹
752 2373 797 2393 :-
825 2360 952 2404 Pomp.
984 2366 1061 2403 175,
1090 2359 1136 2392 28
1174 2358 1327 2402 »ubique
1354 2358 1448 2392 enim
1483 2358 1580 2402 apud

393 2422 557 2466 antiquos
591 2422 642 2455 sic
675 2421 837 2465 legimus,
871 2420 961 2454 haec
994 2419 1105 2454 fames
1135 2418 1239 2452 huius
1283 2418 1398 2458 famei,
1432 2424 1469 2453 et
1498 2419 1581 2454 inde

392 2482 490 2515 venit
516 2482 561 2515 ab
587 2481 655 2515 hac
681 2480 773 2515 same
799 2501 845 2505 —
869 2479 982 2513 habes
1007 2479 1138 2513 hocin
1164 2478 1316 2523 Capro
1340 2479 1392 2512 de
1418 2479 1576 2524 lingua
