1751 2750
853 157 894 193 31

160 271 236 302 120,
269 272 320 307 17.
363 272 439 307 125,
480 272 531 298 11‘.
564 273 641 308 130,
680 266 731 299 18.
766 275 841 309 139,
886 267 938 302 18.
1003 266 1059 300 Ac
1097 265 1227 299 Plinius
1264 266 1371 299 etiam
1416 274 1493 307 129,
1539 273 1576 299 11

156 322 279 363 Scauri
306 324 525 357 mentionem
550 324 631 358 facit
657 330 693 359 et
718 336 774 370 ap.
802 326 922 362 Diom.
949 334 1034 370 377,
1066 335 1107 369 19
1132 325 1240 369 paulo
1265 330 1349 370 post
1375 324 1580 369 exemplum

154 382 386 418 Scaurianum
411 384 485 430 (12)
510 386 609 420 testis
635 386 839 427 advocatur.
892 387 996 431 Quae
1021 397 1103 421 cum
1122 386 1170 421 ita
1186 386 1266 426 sint,
1294 397 1377 421 eum
1401 386 1462 431 qui
1489 385 1579 419 haec

156 444 276 478 omnia
301 446 516 490 excerpserit
551 457 621 480 non
655 447 763 480 latere
795 448 959 482 arbitror.
997 455 1043 473 —-'
1077 447 1242 481 Ceterum
1277 448 1311 480 in
1344 447 1497 481 Romani
1532 446 1577 480 de

155 503 325 538 adverbio
352 505 477 549 capite,
505 505 538 539 in
565 517 636 550 quo
666 505 814 540 Plinium
839 506 1039 540 adhibitum
1066 517 1143 540 esse
1177 518 1247 540 non
1278 512 1429 546 constat,
1467 505 1576 541 Rutili

154 565 358 610 exemplum
388 573 465 610 195,
505 567 547 601 16
584 566 702 611 Capro
736 567 821 601 Plini
857 568 1067 612 conpilatori
1104 568 1224 602 deberi
1261 568 1410 608 videtur,
1447 579 1468 602 a
1501 579 1575 612 quo

152 626 376 670 subsequens
402 626 486 659 illud
513 626 704 660 Asellionis
729 632 826 660 certo
851 628 1002 671 petitum
1038 632 1101 662 est.
1152 628 1322 672 Idemque
1353 627 1504 661 fortasse
1528 628 1574 660 de

152 684 288 720 Scauro
314 695 396 729 210,
425 696 443 730 3
470 686 573 723 valet.

268 748 406 781 Deinde
431 748 466 781 in
500 759 647 782 censum
682 749 779 782 venit
810 749 1044 782 Aemilius
1068 750 1240 788 Macer,
1278 749 1375 783 cuius
1408 749 1572 793 reliquias

148 806 303 851 conlegit
329 806 510 852 fusiusque
535 808 725 853 explicavit
750 807 872 853 Unger
898 809 931 842 in
958 818 1076 853 progr.
1105 808 1368 842 Friedlandensi
1403 819 1432 842 a.
1467 809 1569 852 1845.

148 868 299 902 Plurima
323 869 409 913 eius·
422 868 621 913 fragmenta
647 870 692 903 ad
711 869 908 903 naturalem
927 869 1110 903 historiam
1135 870 1346 914 pertinentia
1364 881 1385 903 a
1402 870 1568 903 Romano

147 926 286 963 servata
310 932 402 967 sunt,
430 930 527 974 apud
552 935 691 964 ceteros
717 935 837 963 autem
863 930 1119 974 grammaticos
1146 950 1179 954 —
1204 930 1232 962 si
1251 940 1271 962 a
1298 929 1432 969 Servio,
1451 929 1567 963 Nonio

145 995 182 1024 et
207 989 293 1031 aliis,
320 990 379 1035 qui
408 991 454 1025 ad
487 1003 542 1025 res
576 990 815 1026 inlustrandas
849 1003 930 1026 eum
965 990 1145 1031 adhibent,
1182 990 1396 1024 discedimus
1434 1012 1478 1016 —
1504 990 1570 1025 nisi

147 1051 242 1095 apud
267 1051 481 1085 Diomedem
508 1057 544 1085 et
570 1052 603 1085 in
631 1052 755 1096 fragm.
787 1052 851 1086 »de
876 1052 991 1085 dubiis
1019 1052 1245 1085 nominibus‹
1276 1051 1330 1094 (K.
1361 1050 1396 1083 V
1425 1051 1503 1094 576,
1536 1057 1564 1093 5.

150 1118 228 1154 592,
258 1114 316 1156 20)
341 1112 374 1146 in
399 1113 638 1156 grammaticis
664 1113 933 1157 quaestionibus
960 1123 1031 1146 non
1059 1112 1234 1145 laudatur.
1287 1110 1382 1155 Quin
1416 1111 1570 1145 Romani

146 1172 334 1206 dumtaxat
370 1172 578 1216 fragmenta,
612 1173 669 1215 65,
712 1181 742 1216 7.
781 1182 835 1217 72,
881 1170 968 1218 17³).
1003 1175 1058 1212 81,
1101 1171 1190 1217 18³).
1227 1181 1304 1212 100,
1342 1180 1396 1215 33.
1432 1180 1508 1215 107,
1534 1181 1567 1214 4.

150 1241 226 1275 133,
260 1242 311 1266 11.
346 1242 396 1275 14,
424 1238 460 1266 et
485 1233 649 1267 Diomed.
677 1241 757 1276 374,
786 1243 826 1267 21
859 1254 903 1259 —
930 1234 1080 1268 fortasse
1107 1234 1215 1267 etiam
1243 1233 1309 1267 ‚de
1336 1234 1420 1267 dub.
1446 1243 1564 1266 nom.‹

144 1292 164 1325 l.
192 1293 212 1326 l.
242 1313 287 1318 ——
315 1293 373 1326 uni
400 1293 588 1338 eidemque
613 1293 702 1327 fonti
732 1294 927 1328 debeantur
961 1294 1022 1327 vix
1053 1294 1243 1338 quisquam
1283 1293 1432 1327 dubitet.
1497 1293 1568 1327 lam

143 1364 229 1387 vero
248 1354 436 1389 Romanus
462 1354 533 1388 duo
559 1354 724 1400 exempla
749 1354 849 1389 iuxta
874 1354 1059 1389 conlocata
1084 1356 1179 1401 (133,
1211 1363 1267 1390 11.
1297 1355 1350 1400 14)
1382 1365 1420 1388 se
1455 1353 1567 1388 Plinio

143 1415 274 1449 debere
309 1416 384 1461 ipse
418 1416 615 1461 profitetur,
652 1421 688 1450 et
719 1416 906 1450 Diomedis
941 1416 1145 1460 exemplum
1183 1415 1302 1451 statim
1340 1415 1568 1460 subsequitur

142 1487 194 1516 ea,
223 1487 313 1522 quae
338 1477 408 1510 iam
434 1488 540 1522 supra
564 1477 611 1511 ob
636 1477 744 1515 Rutili
770 1483 806 1511 et
831 1477 954 1512 Scauri
980 1478 1182 1511 mentiones
1213 1477 1298 1510 satis
1321 1481 1419 1510 certo
1450 1476 1566 1510 Plinio

141 1537 402 1581 adscripsimus.
455 1538 610 1571 Adcedit
634 1538 732 1582 quod
766 1538 885 1572 Macer
917 1544 1046 1578 noster,
1080 1549 1144 1582 per
1178 1529 1332 1571 errorem
1367 1536 1568 1583 conpluries

139 1596 293 1643 Licinius
319 1603 468 1632 vocatus
500 1600 545 1643 (v,
585 1599 709 1643 Unger
745 1599 766 1634 l.
803 1599 822 1633 l.
856 1612 889 1645 p.
934 1600 1000 1644 15),
1039 1600 1073 1633 in
1113 1599 1208 1633 Plini
1243 1604 1315 1633 nat.
1350 1598 1430 1631 hist.
1457 1608 1566 1643 saepe

138 1657 228 1691 inter
253 1663 416 1692 auctores
442 1657 607 1692 adfertur.
661 1659 763 1703 Quae
789 1660 1095 1694 considerantibus
1133 1659 1236 1693 nobis
1263 1668 1344 1692 cum
1375 1657 1565 1702 probabili-

138 1722 212 1752 tate
237 1719 406 1764 suspicari
433 1719 514 1753 licet
541 1719 649 1754 Macri
675 1720 771 1766 apud
797 1721 1000 1755 Romanum
1026 1726 1062 1754 et
1088 1719 1304 1754 Diomedem
1326 1719 1492 1765 exempla
1517 1719 1563 1752 ad

136 1779 290 1813 Plinium
315 1786 496 1815 auctorem
524 1781 646 1817 redire.
674 1802 720 1806 -—
745 1781 934 1827 Perperam
975 1781 1148 1815 Aemilius
1173 1780 1294 1814 Macer
1330 1791 1396 1826 pro
1425 1779 1563 1814 Licinio

135 1851 190 1885 ap.
218 1840 337 1877 Diom.
367 1842 496 1885 369,15
526 1856 570 1875 z
596 1843 700 1879 Prisc.
727 1843 742 1876 I
770 1850 849 1886 525,
877 1854 901 1885 4
928 1843 971 1886 (v.
998 1843 1134 1887 adnot.)
1159 1842 1373 1876 nominatur.

251 1901 439 1935 Postremo
471 1913 591 1946 pauca
630 1903 675 1936 de
712 1902 954 1947 Pomponii
991 1902 1193 1936 Secundi
1233 1900 1561 1935 conmemoratione

135 1972 190 2006 ap.
212 1962 331 1996 Diom.
361 1970 442 2006 371,
466 1964 507 1997 18
527 1963 669 1997 addam.
718 1962 833 1996 Huius
860 1962 1010 2007 epistola
1027 1962 1073 1996 ad
1091 1962 1284 1996 Thraseam
1304 1963 1388 1998 data
1406 1966 1559 2005 excepto

133 2022 300 2055 Prisciani
325 2022 406 2056 loco
431 2034 510 2056 cum
539 2023 609 2057 hoc
642 2034 801 2066 congruo
827 2023 856 2068 (Ι
885 2024 963 2066 538,
994 2025 1051 2069 29)
1085 2023 1182 2069 apud
1216 2022 1330 2055 solum
1355 2022 1558 2055 Romanum

134 2087 173 2114 ut
197 2081 276 2115 fons
310 2083 564 2125 grammaticus
598 2082 787 2118 adhibetur
818 2095 853 2127 p.
886 2091 925 2115 12
935 2090 965 2124 5,
1004 2092 1047 2124 23
1077 2088 1121 2121 et,
1150 2088 1189 2115 ut
1214 2082 1362 2119 videtur,
1395 2088 1471 2123 137,
1498 2080 1556 2123 23ss

133 2151 350 2186 quamquam
385 2141 442 2176 hic
477 2142 555 2177 libri
589 2142 772 2188 inscriptio
806 2142 938 2177 omissa
971 2147 1034 2178 est.
1092 2142 1206 2187 Atqui
1238 2151 1309 2175 non
1340 2140 1455 2174 solum
1489 2138 1556 2174 hos

130 2203 240 2244 locos,
269 2204 333 2238 sed
357 2204 465 2238 etiam
491 2205 694 2249 tertium'p.
718 2214 795 2247 132,
820 2212 860 2248 15
888 2204 945 2248 (de
970 2204 1170 2249 ablativol),
1198 2216 1218 2238 e
1238 2202 1412 2247 Pomponi
1431 2202 1556 2236 Aenea

130 2348 162 2376 L.
185 2349 297 2379 Cesutio
318 2350 354 2377 ad
375 2351 509 2387 populum
523 2371 529 2378 .
545 2370 553 2378 .
566 2371 574 2378 .
587 2363 612 2379 ,α
636 2351 714 2378 Peter
733 2351 796 2378 hist.
809 2351 890 2378 Rom.
906 2351 983 2386 reliq.
998 2360 1025 2387 p.
1041 2350 1165 2377 CCLXV
1179 2349 1288 2377 conlato
1302 2349 1386 2376 Prisc.
1400 2348 1414 2375 1
1430 2354 1494 2384 520,
1518 2355 1554 2382 23

128 2404 155 2426 et
175 2401 257 2427 Festo
277 2410 307 2436 p.
331 2407 383 2435 301
408 2410 433 2427 a.
456 2402 492 2427 26
512 2406 584 2428 recte
606 2402 710 2428 censuit
731 2401 844 2428 Catonis
864 2410 913 2437 pro
933 2401 1066 2428 Caesetio
1084 2401 1235 2427 orationem
1255 2399 1414 2435 significari.
1576 2401 1578 2403 '

246 2449 268 2489 ³)
291 2451 369 2479 Haec
390 2452 534 2490 exscripsit
555 2451 633 2480 Beda
653 2453 690 2482 K.
713 2451 767 2482 VII
789 2451 854 2487 282,
882 2451 923 2479 18.
947 2457 1011 2487 291,
1032 2459 1060 2487 9.
