1751 2750
827 163 870 199 54

129 272 230 318 plura
262 272 376 307 Plinio
411 273 531 307 deberi
568 283 613 306 ex
647 272 756 316 ipsius
792 272 959 306 Prisciani
994 271 1201 306 testimonio
1228 271 1379 312 eluceat,
1407 269 1563 322 nihilne

129 333 318 378 probabile
346 333 492 377 quidem
520 344 644 366 eruere
671 333 858 377 contingit.

248 393 368 428 Etiam
403 393 459 428 IX
491 399 533 428 et
567 393 599 428 X
634 393 803 428 librum
830 405 999 439 magnam
1027 398 1167 440 partem
1193 392 1240 426 ad
1266 391 1423 437 Captum
1449 391 1575 426 redire·

129 465 211 488 cum
236 454 423 488 citationes
449 455 525 488 eius
542 465 614 487 non
632 465 731 489 rarae
750 460 826 489 tum
846 466 1040 489 consensus
1057 465 1138 488 curn
1157 453 1338 487 Diomede
1356 452 1560 488 ostendunt.

133 513 226 548 Sunt
253 519 372 548 autem
400 514 469 548 loci
496 514 650 548 dilucide
676 520 916 549 consonantes
939 514 995 551 hi:

187 574 246 608 lib.
275 574 335 609 IX.
362 575 493 618 469,13
522 585 675 608 nexo:
692 575 921 618 Diom.369,
954 584 996 618 19
1021 575 1169 619 (Probus
1195 585 1249 618 ap.
1279 573 1402 618 Prisc.)

364 643 448 678 470
455 644 494 668 21
528 646 618 668 neco
745 635 851 678 „,366
883 642 899 678 5

365 702 448 738 471,
479 703 497 736 3
526 694 606 728 lavo
769 696 899 738 381,12
929 695 989 740 (cf.
1017 695 1121 729 Prisc.
1151 703 1232 737 403,
1262 694 1297 737 3)

364 756 447 799 489,
482 765 493 789 1
526 755 695 789 adolesco
772 757 901 799 373,18

363 824 446 858 490,
476 817 496 850 8
523 815 627 850 deleo
707 840 713 844 „
768 823 898 860 375,27
926 817 1077 862 (Probus
1104 821 1140 850 et
1165 816 1281 861 Caper
1306 826 1361 860 ap.
1383 814 1487 849 Prisc.
1518 835 1562 839 —

366 876 422 910 De
448 876 636 910 Diomedis
661 877 875 911 testimoniis
902 877 1085 921 conruptis
1111 888 1143 910 v.
1172 876 1264 910 Keili
1291 876 1412 911 adnot.
1438 876 1531 919 crit.)

189 936 249 971 lib.
279 936 322 972 X.
370 944 500 979 494,15
531 937 590 970 aio
616 950 660 969 Ξ
690 938 809 972 Diom.
838 945 917 980 374,
946 945 969 978 4

370 1003 501 1038 5oo,20
526 996 628 1040 pario
731 998 837 1039 „383,
869 1005 885 1039 5
916 996 974 1042 (cf.
1002 996 1106 1032 Prisc.
1135 1005 1217 1037 401,
1249 997 1283 1039 5)

371 1063 497 1098 511,25
526 1067 664 1100 parco
757 1057 888 1099 368,10
915 1057 1110 1101 (Plinius
1136 1067 1197 1101 ap.
1224 1056 1356 1100 Diom.)

371 1123 449 1159 513,
484 1125 495 1149 1
527 1127 688 1160 expergo
757 1117 884 1159 376,12

371 1183 498 1220 519‚22
525 1177 646 1222 pando
755 1186 881 1221 377,21

370 1238 502 1279 520,16
526 1238 725 1271 ostendo
753 1239 833 1281 376,
864 1246 882 1279 3
912 1238 1062 1282 (Rutil.
1090 1249 1146 1282 ap.
1175 1238 1313 1280 Dioni.)

371 1304 501 1340 522,19
525 1297 679 1331 comedo
750 1299 830 1342 387,
863 1305 878 1340 5

370 1366 448 1401 525,
477 1368 499 1400 4
525 1358 681 1403 neglego
749 1359 878 1402 369,15
907 1360 954 1404 (v.
983 1371 1016 1403 p.
1048 1361 1106 1402 31)

370 1426 497 1462 527,23
526 1419 582 1452 310
750 1426 882 1462 375‚14

371 1486 449 1522 529,
478 1488 501 1520 4
525 1479 652 1513 occino
750 1487 831 1522 374,
866 1488 876 1512 1
910 1479 1029 1524 (Prob.
1057 1491 1112 1526 ap.
1141 1480 1261 1525 Prisc.)

380 1559 426 1564 -«
455 1548 501 1580 24
527 1539 637 1572 relino
749 1548 829 1583 370,
861 1548 880 1583 7

374 1607 498 1643 535,21
530 1600 633 1645 pinso
748 1608 829 1643 373,
860 1609 878 1643 7
905 1600 1019 1644 (Prob.
1048 1612 1104 1645 ap.
1132 1601 1253 1645 Prisc.)

373 1661 451 1702 538,
486 1669 496 1692 1
529 1671 623 1693 nexo
745 1661 877 1703 369,19

380 1741 425 1745 —-
453 1729 499 1763 29
526 1720 688 1754 sancio
741 1729 873 1764 371,19
900 1721 1123 1766 (Pompon.
1152 1722 1198 1755 ad
1223 1720 1485 1766 Thraseam)

372 1790 452 1824 540,
482 1783 501 1815 8
529 1782 630 1825 pario
742 1784 822 1825 383,
856 1790 870 1824 5

378 1862 425 1867 ——
457 1848 496 1885 15
526 1842 613 1875 salio
742 1850 822 1886 374,
857 1849 872 1886 5

372 1910 502 1945 541,19
529 1903 587 1936 aio
746 1911 826 1946 374,
854 1913 878 1945 4
902 1903 1016 1948 (Prob.
1044 1915 1101 1947 ap.
1130 1904 1249 1949 Prisc.)

372 1962 499 2004 546,12
528 1962 662 1996 sallio
734 1964 876 2007 ‘375,20
900 1964 1107 2008 (Fabian.
1135 1974 1194 2008 ap.
1223 1963 1355 2008 Diom.)
1416 1958 1418 1960 ¹

247 2022 319 2067 Qui
338 2023 428 2069 haec
446 2022 712 2067 perlustraverit
725 2024 845 2058 statim
862 2023 1044 2068 intelleget
1058 2024 1273 2058 Priscianum
1286 2035 1328 2058 ea
1342 2035 1362 2058 e
1376 2024 1563 2058 Diomedis

128 2084 220 2118 libro
253 2105 298 2109 —
334 2086 500 2129 quamvis
532 2086 626 2119 hunc
661 2085 856 2127 inspexerit
888 2097 922 2129 p.
958 2093 1041 2128 470,
1081 2094 1131 2128 13.
1167 2087 1250 2128 485,
1280 2094 1326 2118 20
1350 2091 1386 2119 et
1409 2084 1491 2119 alibi
1517 2098 1562 2110 ¹--

129 2156 201 2179 non
236 2145 397 2190 potuisse
431 2145 572 2180 haurire
605 2145 661 2190 (cf.
696 2157 729 2191 p.
771 2146 840 2192 29),
875 2156 947 2190 quo
980 2145 1124 2179 adcedit
1159 2145 1256 2191 quod
1284 2145 1400 2191 Caper
1428 2144 1564 2180 Probus

128 2205 258 2239 Plinius
282 2210 391 2240 testes
403 2205 617 2240 adferuntur.
647 2206 786 2247 Plinius,
803 2207 940 2242 etiamsi
955 2207 1020 2240 nisi
1031 2219 1064 2252 p.
1081 2213 1159 2249 513,
1173 2208 1193 2240 8
1208 2206 1253 2240 de
1266 2206 1380 2245 forma
1396 2211 1559 2241 »nactus«

130 2277 202 2299 non
220 2271 524 2308 conmemoratur‚
543 2272 664 2300 tamen
687 2267 831 2312 saepius
845 2272 1036 2311 praecepta
1063 2267 1314 2311 suppeditavit.
1342 2264 1450 2300 Certo
1469 2266 1562 2301 enim
1699 2265 1714 2299 Q
1742 2267 1751 2300 ff.

127 2326 213 2360 Plini
232 2332 315 2361 sunt
333 2338 425 2372 quae
443 2338 501 2372 ap.
523 2328 636 2364 Prisc.
659 2334 737 2371 511,
759 2336 778 2362 2
785 2337 803 2371 3
823 2339 900 2373 sqq.
924 2327 968 2362 de
991 2339 1143 2374 ›parco‹
1164 2326 1373 2368 referuntur,
1394 2327 1453 2362 ubi
1471 2327 1564 2362 adeo
1686 2378 1706 2385 q
1737 2361 1751 2387 ε

126 2388 219 2421 sicut
235 2389 331 2433 apud
350 2389 569 2422 Diomedem
587 2389 703 2422 Varro
722 2389 755 2422 in
775 2388 965 2422 Laterensi
982 2388 1154 2424 laudatur.
1207 2388 1348 2422 Deinde
1372 2388 1401 2421 si
1419 2388 1564 2432 quidem
1748 2384 1749 2387 '

127 2448 161 2480 in
187 2448 429 2493 superioribus
458 2453 553 2483 recte
580 2449 865 2483 existimavimus
892 2449 937 2482 de
978 2449 1172 2483 ›ostendo‹
1202 2453 1237 2482 et
1268 2448 1444 2488 »sancio«,
1473 2458 1564 2491 quos
