1751 2750
0 425 24 476 ξς.

0 479 26 527 ᾗ,

0 586 54 626 {³3⁴st

135 772 230 831 '.C
258 797 405 831 Plinium
439 797 644 831 Secundum
683 797 763 832 VIII
798 797 895 831 dubii
928 798 1100 831 sermonis
1134 797 1241 831 libros
1275 798 1528 842 conscripsisse
1563 809 1584 833 e

162 858 246 891 Plini
272 858 401 892 Caecili
426 859 576 903 epistola
601 860 636 892 V
661 859 739 893 libri
764 860 1097 904 tertiilconpertum
1122 858 1306 899 habemus,
1340 859 1398 893 ubi
1434 859 1468 893 in
1494 858 1583 893 illius

52 909 54 919 ¹
105 936 107 939 ·
160 918 372 964 scriptorum
391 919 658 954 enumeratione
683 919 771 954 haec
788 920 972 964 leguntur:
1004 920 1135 954 »Dubii
1162 920 1334 954 sermonis
1351 925 1453 954 octo:
1479 920 1584 964 scrip-

160 980 206 1021 sit
229 981 295 1013 sub
321 980 463 1014 Nerone
488 981 687 1013 novissimis
711 981 821 1020 annis,
850 992 931 1013 cum
957 991 1064 1013 omne
1098 980 1296 1014 studiorum
1331 991 1444 1025 genus
1477 979 1585 1025 paulo

160 1039 302 1075 liberius
329 1045 365 1075 et
391 1041 544 1075 erectius
570 1041 808 1086 periculosum
840 1042 990 1076 servitus
1025 1042 1204 1076 fecisset«.>
1253 1041 1292 1076 In
1325 1041 1380 1075 his
1406 1041 1503 1076 libris
1528 1052 1584 1075 res

160 1102 411 1145 grammaticas
437 1107 604 1135 tractatas
630 1102 734 1135 fuisse
761 1103 831 1135 iam
859 1103 919 1135 diu
946 1103 1131 1145 cognitum
1158 1107 1232 1134 erat
1257 1107 1293 1135 et
1326 1107 1509 1145 postremo
1533 1102 1582 1134 di-

160 1161 281 1205 ligenti
306 1161 572 1195 ratiocinatione
597 1172 618 1195 a
645 1160 1012 1210 Schottmiillero
1040 1161 1106 1196 »de
1132 1160 1169 1196 C.
1188 1160 1278 1196 Plini
1304 1160 1460 1196 Secundi
1485 1161 1582 1196 libris

159 1223 418 1266 grammaticis«
449 1223 708 1266 (dissertatione
734 1223 913 1257 Bonnensi
939 1234 967 1256 a.
995 1222 1375 1266 1858)-c0nfirmatum
1402 1229 1466 1255 est.
1516 1222 1583 1255 Ne-

160 1292 230 1324 que
262 1283 355 1315 enim
387 1283 515 1315 diversi
547 1287 627 1315 sunt
660 1283 706 1315 ab
733 1282 782 1315 eis
817 1293 908 1326 quos
932 1282 1060 1315 Plinius
1086 1282 1161 1326 ipse
1186 1282 1222 1315 in
1247 1286 1317 1319 nat.
1343 1281 1424 1317 hist.
1449 1280 1582 1326 praefa-

158 1342 256 1376 tione
283 1342 301 1388 ἓ
328 1343 372 1377 28
404 1342 558 1376 »libellos
585 1354 677 1387 quos
702 1343 748 1377 de
775 1343 1009 1387 grammatica
1035 1343 1150 1377 edidi«
1184 1348 1291 1376 vocat
1323 1347 1433 1385 atque
1458 1347 1584 1377 contra

159 1412 248 1445 quos
286 1408 324 1436 et
359 1403 500 1437 Stoicos
536 1408 572 1436 et
603 1403 818 1437 Dialecticos
852 1409 886 1437 et
917 1403 1113 1448 Epicureos
1156 1403 1368 1448 ›parturire‹
1405 1402 1507 1437 dicit:
1545 1403 1582 1436 id

158 1464 255 1505 quod
281 1474 352 1496 non
379 1463 494 1496 solum
520 1463 602 1497 inde
627 1464 901 1503 demonstratur,
936 1464 1035 1508 quod
1061 1463 1234 1498 Caecilius
1267 1463 1336 1497 alia
1371 1463 1503 1508 scripta
1533 1463 1580 1497 ad

156 1528 270 1558 artem
294 1525 565 1568 grammaticam
591 1525 788 1568 spectantia
813 1536 885 1558 non
919 1526 1033 1559 adfert
1061 1531 1097 1558 et
1122 1530 1307 1569 tamquam
1344 1535 1409 1569 pro
1436 1535 1579 1557 excusa-

156 1584 254 1617 tione
280 1584 388 1623 addit,
416 1596 460 1618 eo
485 1590 649 1628 tempore
674 1585 847 1618 sermonis
882 1585 980 1618 dubii
1012 1585 1120 1618 libros
1150 1584 1357 1628 conpositos
1387 1594 1467 1617 esse
1507 1595 1581 1628 quo

156 1643 298 1678 Nerone
324 1644 525 1687 inperatore
550 1656 571 1678 a
602 1645 822 1679 liberioribus
856 1645 982 1679 studiis
1018 1645 1180 1679 homines
1211 1642 1479 1684 deterrerentur,
1516 1644 1581 1678 sed

158 1714 201 1736 eo
227 1715 371 1748 quoque
396 1705 646 1749 conprobatur,
674 1705 771 1749 quod
797 1716 970 1739 annorum
990 1705 1186 1738 rationibus
1210 1704 1413 1749 conputatis
1438 1709 1580 1749 tempus

157 1773 229 1806 quo
254 1763 383 1797 Plinius
407 1765 519 1798 maior
544 1765 589 1798 de
606 1766 838 1809 grammatica
863 1777 902 1799 se
918 1766 1101 1809 scripsisse
1126 1765 1211 1798 dicit
1235 1765 1268 1798 in
1288 1764 1440 1798 Neronis
1465 1764 1579 1798 novis-

157 1824 266 1857 simos
303 1835 425 1864 annos,
464 1825 592 1869 quibus
625 1825 670 1858 illi
717 1825 792 1859 libri
829 1826 915 1859 editi
959 1837 1036 1859 esse
1072 1825 1266 1865 traduntur,
1304 1824 1437 1860 incidit.
1488 1823 1582 1868 Quia

156 1884 249 1918 enim
284 1884 319 1918 in
353 1884 573 1929 praefatione
607 1895 677 1919 nat.
704 1886 784 1922 hist.
811 1897 841 1920 a.
870 1886 1035 1920 LXXVII
1070 1885 1234 1919 confecta
1259 1884 1497 1929 philosophos
1521 1884 1580 1918 ad-

157 1955 279 1977 versus
314 1955 376 1978 eos
412 1945 583 1978 »subinde
616 1946 764 1978 abortus
788 1945 903 1979 facere
928 1946 997 1979 iam
1024 1945 1057 1979 X
1079 1945 1201 1979 annis«
1231 1949 1359 1985 narrat,
1385 1955 1415 1978 a.
1444 1943 1581 1978 LXVII

156 2015 220 2039 eos
257 2005 431 2048 prodiisse
457 2005 619 2039 concludi
656 2011 795 2049 potest:
843 2007 904 2051 qui
944 2012 998 2040 est
1040 2017 1152 2040 annus
1190 2017 1210 2039 a
1245 2005 1397 2039 Neronis
1437 2005 1580 2039 interitu

156 2066 352 2108 proximus.

273 2126 382 2161 Dubii
408 2128 579 2161 sermonis
604 2127 712 2161 libros
743 2128 916 2162 interiisse
950 2140 994 2161 eo
1029 2128 1144 2171 magis
1179 2127 1371 2160 dolendum
1406 2131 1471 2166 est,
1507 2137 1580 2171 quo

156 2187 277 2229 quanti
304 2187 351 2220 ad
377 2187 558 2221 historiam
584 2188 837 2231 grammaticae
861 2188 1010 2221 Latinae
1036 2188 1208 2222 momenti
1233 2187 1362 2221 fuerint
1387 2187 1469 2220 inde
1494 2186 1579 2221 dilu—

156 2246 235 2280 cide
267 2247 513 2291 intellegimus,
550 2249 648 2293 quod
682 2259 851 2293 magnam
884 2249 1173 2283 observationum
1206 2248 1331 2281 silvam
1365 2247 1580 2292 posteriores

76 2317 79 2327 ⁴
124 2317 127 2318 ⁷
155 2309 380 2350 grammatici
404 2319 450 2342 ex
476 2310 525 2342 eis
560 2310 753 2342 hauserunt
788 2314 823 2342 et
849 2309 961 2343 multo
994 2309 1138 2353 saepius
1172 2308 1296 2352 procul
1329 2307 1439 2341 dubio
1471 2317 1580 2351 quam

153 2366 220 2409 ipsi
255 2367 496 2408 indicaverunt
529 2369 578 2402 eis
613 2368 665 2401 usi
699 2373 791 2402 sunt.
843 2368 1020 2403 Libellum
1052 2374 1170 2402 autem
1205 2368 1492 2407 differentiarum,
1518 2366 1579 2412 qui

155 2425 191 2459 in
230 2426 395 2472 catalogo
434 2428 671 2462 bibliothecae
705 2428 892 2462 Bobiensis
924 2440 988 2474 per
1030 2440 1184 2463 errorem
1219 2429 1328 2462 Plinio
1367 2428 1579 2462 adtribuitur
