1751 2750
827 161 882 195 ,30

141 291 189 297 -
215 271 376 305 occurrit.
429 270 504 304 Nec
531 270 646 304 minus
663 270 879 304 Diomedem
898 269 1055 304 indidem
1082 279 1145 302 sua
1171 267 1332 302 hausisse
1351 267 1465 312 Steup
1492 277 1573 301 con·

146 332 268 365 tendit.
322 332 445 376 Atque
471 341 557 364 sane
589 331 618 364 si
653 330 888 365 demonstrari
921 334 1042 375 potest
1080 333 1116 363 et
1153 328 1251 374 apud
1289 327 1503 361 Diomedem
1542 331 1579 361 et

142 392 241 437 apud
265 392 481 427 Priscianum
506 391 598 426 Plini
625 396 661 426 et
686 391 792 426 Probi
817 391 1028 426 memoriam
1054 389 1280 424 coniunctam
1317 388 1431 433 prodi,
1469 388 1577 423 etiam

143 453 360 487 Diomedem
386 465 460 487 non
487 453 584 497 ipsos
610 452 749 492 adiisse,
777 452 841 486 sed
875 452 1065 485 amborum
1099 449 1343 493 cognitionem
1380 459 1449 482 una
1472 448 1529 482 vel
1553 459 1576 482 a

143 511 262 556 Capro
288 512 344 547 vel
369 513 415 547 ab
440 512 560 558 aliquo
585 512 660 546 eius
678 511 901 557 conpilatore
920 511 1107 556 adcepisse
1125 508 1287 544 concludi
1305 508 1423 543 debet.
1465 505 1575 553 Quod

142 574 287 620 probari
313 586 421 619 posse
448 574 531 608 mihi
565 574 714 608 videtur.
767 573 909 608 Etenim
937 573 1034 618 apud
1069 570 1283 607 Diomedem
1318 575 1461 616 praeter
1494 570 1574 604 Pro·

140 635 227 668 bum
265 634 394 668 Plinius
428 634 483 668 bis
516 634 681 667 laudatur
706 634 787 677 368,
834 642 875 667 10
909 638 945 667 et
987 641 1066 676 377,
1107 641 1148 675 19
1184 652 1230 657 —
1256 637 1292 667 et
1324 630 1405 664 alibi
1431 640 1574 675 quoque

140 694 217 729 eius
243 695 396 740 vestigia
421 694 529 730 latere
554 694 756 729 videbimus
784 715 829 720 —-
857 695 954 729 cuius
980 695 1200 730 mentionem
1236 694 1318 729 Keil
1343 705 1393 740 gr.
1420 694 1460 729 L.
1486 693 1501 728 I
1536 704 1569 738 p.

139 756 219 789 LIII
245 761 308 790 aut
332 756 429 800 apud
463 756 620 790 Probum
655 757 836 791 inventam
868 761 929 789 aut
962 767 985 789 a
1016 756 1194 789 Diomede
1229 756 1309 800 ipso
1351 755 1571 788 interiectam

138 820 251 861 putat.
304 815 379 849 Iam
405 826 491 850 vero
517 827 598 850 cum
625 816 722 861 apud
749 816 853 851 Prisc.
889 816 902 850 1
931 823 1011 860 511,
1041 824 1085 858 24
1105 837 1142 841 -—-
1174 814 1259 850 Plini
1278 814 1420 850 nomine
1438 814 1572 850 omisso

137 897 187 903 —-—
213 878 341 911 eadem
366 888 459 921 quae
485 878 603 922 priore
627 878 707 912 loco
735 878 896 912 doctrina
913 878 1121 911 exhibeatur
1147 877 1377 920 eiusdemque
1397 876 1568 910 Varronis

141 937 296 982 exempli
324 937 408 982 ipsis
434 938 554 971 verbis
581 938 796 978 inlustretur,
824 949 933 983 porro
958 948 1039 971 cum
1058 937 1270 971 Priscianum
1289 937 1442 971 sciamus
1467 947 1570 971 usum

138 1010 217 1034 esse
243 998 372 1044 Capro,
393 998 486 1033 hunc
505 1010 590 1033 vero
618 999 737 1033 Plini
764 1004 808 1033 et
833 999 970 1033 Probi
998 999 1108 1033 libros
1132 999 1330 1033 excussisse
1348 999 1444 1045 et-in
1464 1009 1566 1032 usum

138 1070 242 1093 suum
270 1059 490 1093 convertisse
517 1060 563 1104 (v.
593 1071 627 1104 p.
656 1061 700 1103 38
727 1060 833 1104 sqq),
860 1059 974 1093 facere
994 1070 1064 1093 non
1090 1057 1390 1104 possumus'quin
1415 1057 1566 1102 conliga-

139 1130 219 1153 mus
251 1119 340 1153 Plini
375 1119 550 1163 Probique
586 1120 935 1154 conmemorationes
969 1120 1065 1164 apud
1098 1119 1314 1153 Diomedem
1351 1130 1421 1153 una
1454 1118 1568 1153 factas

138 1180 270 1225 pariter
296 1185 405 1224 atque
431 1181 527 1225 apud
553 1181 773 1214 Priscianum
799 1192 821 1214 a
845 1180 963 1225 Capro
989 1180 1216 1220 descendere,
1245 1190 1351 1224 quem
1385 1184 1565 1214 auctorem

137 1251 203 1274 suo
230 1251 329 1273 more
353 1246 459 1275 tacet.
510 1241 548 1274 Id
574 1241 700 1274 saltem
728 1241 799 1274 hoc
826 1241 993 1285 exemplo
1020 1241 1174 1274 dilucide
1199 1239 1374 1274 cernimus
1397 1251 1468 1273 non
1494 1251 1566 1274 om-

138 1301 195 1334 nia
215 1286 311 1345 ,quae
339 1301 436 1344 apud
469 1301 684 1335 Diomedem
722 1306 758 1335 et
798 1301 1019 1335 Priscianum
1057 1305 1257 1344 congruant
1294 1300 1411 1334 Probo
1450 1300 1567 1335 danda

137 1372 224 1396 esse.
276 1360 386 1406 Quod
413 1367 606 1407 postquam
632 1361 868 1402 ostendimus,
897 1374 1015 1397 rursus
1042 1362 1087 1396 ad
1113 1362 1327 1402 Romanum,
1355 1373 1377 1396 a
1410 1373 1482 1406 quo
1517 1361 1564 1395 di-

137 1422 250 1467 gressi
276 1433 409 1463 sumus,
437 1423 635 1457 redeamus.

253 1481 417 1528 Inprimis
443 1484 608 1517 Aemili
636 1484 811 1518 Scauri
839 1489 874 1518 et
900 1485 1042 1518 Rutili
1077 1484 1181 1518 Rufi
1216 1485 1563 1518 conmemorationes

135 1544 415 1578 considerandae
442 1549 534 1580 sunt.
594 1545 757 1588 Quorum
792 1545 889 1589 prior
924 1546 1019 1589 apud
1052 1546 1252 1579 Romanum
1288 1545 1342 1578 his
1375 1545 1461 1579 locis
1494 1544 1562 1579 lau-

134 1605 258 1640 datur:
284 1610 408 1639 contra
435 1605 582 1639 Brutum
614 1614 691 1648 129,
726 1615 776 1639 ¹1.
814 1614 895 1645 210,
930 1615 961 1649 3,
996 1611 1121 1640 contra
1147 1606 1191 1649 Q.
1227 1605 1444 1650 Caepionem
1484 1614 1560 1649 147,

140 1673 192 1700 10.
227 1673 278 1703 12,
308 1665 353 1698 de
380 1665 454 1698 vita
487 1676 550 1699 sua
593 1665 670 1707 146,
706 1666 772 1708 36;
808 1666 906 1711 apud
937 1666 1152 1700 Diomedem
1177 1652 1241 1699 'his
1270 1666 1374 1702 locis:
1411 1666 1457 1700 de
1489 1666 1561 1700 vita

133 1736 199 1759 sua
228 1733 309 1768 374,
342 1733 393 1769 17.
423 1733 503 1770 377¹
537 1735 589 1761 12.
618 1728 699 1770 385,
730 1735 786 1770 30.
840 1727 953 1761 Recte
980 1727 1092 1767 Peter,
1120 1727 1200 1762 hist.
1228 1727 1380 1761 Roman.
1401 1726 1496 1771 reliq.
1525 1739 1559 1772 p.

134 1785 260 1820 CCLX
293 1785 509 1820 existimavit
542 1792 577 1820 et
617 1787 723 1821 huius
754 1793 789 1821 et
821 1788 930 1822 Rutili
966 1788 1132 1833 exempla
1163 1788 1259 1833 apud
1292 1787 1492 1822 Charisium
1526 1793 1561 1822 et

132 1847 352 1896 Diomedem
378 1848 556 1887 exstantia
584 1849 642 1882 uni
669 1849 806 1882 cuidam
836 1849 957 1882 deberi
990 1849 1202 1893 excerptori,
1238 1849 1444 1893 praesertim
1479 1861 1558 1883 cum

133 1906 274 1940 aliunde
309 1917 489 1957 perpauca
521 1913 659 1942 tantum
693 1907 892 1952 fragmenta
926 1909 1070 1953 cognita
1107 1909 1185 1944 sint.
1250 1909 1353 1953 Quae
1385 1909 1560 1944 sententia

130 1979 175 2002 eo
199 1968 455 2007 constabilitur,
484 1969 583 2012 quod
609 1974 647 2003 ut
660 1969 756 2013 apud
781 1969 913 2003 Charis.
948 1970 1024 2011 146,
1056 1978 1109 2012 35.
1131 1972 1177 2012 36
1204 1970 1252 2003 ita
1268 1970 1364 2014 apud
1391 1970 1556 2003 Diomed.

130 2039 164 2072 p.
194 2035 274 2071 374,
307 2036 358 2070 13.
394 2036 436 2068 14
461 2028 612 2061 Rutilius
651 2030 716 2062 ›de
748 2028 822 2063 vita
858 2041 941 2063 sua«
982 2035 1017 2063 et
1051 2029 1206 2064 Scaurus
1243 2030 1309 2063 »de
1342 2029 1414 2063 vita
1447 2041 1510 2063 sua
1536 2030 1557 2063 1.

131 2085 232 2128 111‹¹)
259 2097 328 2119 una
353 2087 541 2120 laudantur
568 2093 603 2120 et
629 2088 734 2121 huius
760 2088 848 2122 liber
873 2089 919 2121 111
947 2100 981 2132 p.
1009 2090 1089 2130 385.
1118 2097 1164 2130 30
1190 2088 1369 2132 repetitur.
1421 2088 1479 2121 De
1503 2088 1558 2122 his

129 2157 215 2180 vero
247 2145 324 2188 146,
355 2153 394 2189 31
427 2157 505 2192 sqq.
525 2146 594 2181 iam
620 2159 654 2194 p.
681 2156 720 2182 21
750 2147 861 2182 Plinio
885 2147 1150 2182 vindicavimus
1203 2147 1389 2183 Praeterea
1405 2148 1557 2184 Rutilius

133 2207 199 2242 ›de
225 2208 299 2241 vita
324 2219 408 2241 sua«
439 2220 473 2252 p.
507 2216 585 2251 195,
618 2210 660 2243 16
686 2216 722 2244 et
750 2210 830 2253 376,
860 2211 917 2254 3²)
943 2210 1114 2249 laudatur,
1149 2210 1307 2253 denique·
1328 2211 1362 2244 in
1395 2211 1556 2245 Plinianis

250 2342 269 2381 ¹)
293 2342 374 2372 Char.
412 2344 473 2378 146,
497 2345 543 2379 36,
565 2346 612 2372 ubi
637 2345 688 2372 »de
714 2346 768 2373 vita
800 2355 864 2373 sua«
898 2346 983 2380 deest,
1016 2346 1079 2373 Keil
1110 2347 1137 2373 in
1168 2347 1258 2374 indice
1289 2356 1431 2383 perperam
1453 2346 1556 2374 Scauro

127 2395 310 2431 grammatico
330 2395 431 2421 tribuit.
560 2424 564 2429 ι

244 2441 267 2485 ²)
289 2443 332 2471 De
354 2444 446 2474 Diom.
469 2454 496 2483 p.
520 2446 584 2485 37.6,
606 2454 633 2482 4,
656 2447 702 2474 ubi
723 2451 785 2487 post
805 2447 890 2479 Rutili
911 2448 994 2477 verba
1015 2448 1151 2488 pergitur:
1189 2449 1279 2477 »idem
1310 2447 1422 2486 (·item-
1446 2449 1482 2487 A)
1504 2458 1554 2486 pro
