1751 2750
846 124 890 158 32

155 227 422 268 depromptum,
459 228 643 257 Romanus
678 234 802 268 aperte
834 229 943 258 Plinio
978 229 1096 258 debet.
1160 227 1279 266 Quare
1313 227 1499 257 Diomedis
1532 228 1584 267 (et
1635 231 1638 233 “

155 286 332 347 Prisciani)
357 286 476 338 locum
493 286 719 345 potissimum
738 304 887 346 propter
904 289 1091 346 epistolam
1116 288 1161 337 acl
1179 286 1379 337 Thraseam
1402 287 1584 338 laudatam

155 357 272 381 eidem
304 357 480 381 adscribo.
534 356 722 387 Quodsi-a
746 357 857 380 Plinio
882 356 1055 387 Pomponi
1091 356 1258 387 reliquiae
1288 356 1393 380 nobis
1423 359 1586 379 servatae

155 408 247 449 sunt,
275 402 311 442 id
337 402 516 455 praeclare
541 402 706 454 congruit
735 416 816 442 cum
853 405 1001 450 ratione,
1030 414 1138 455 quam
1164 402 1255 442 inter
1278 401 1345 441 hos
1372 402 1462 442 duos
1489 402 1585 443 viros
1624 446 1634 456 ⁶

156 479 396 512 intercessisse
422 479 596 512 audimus.
650 479 798 512 Plinium
838 480 931 512 enim
963 485 1123 512 nostrum
1151 479 1196 511 de
1222 478 1310 512 illius
1336 480 1409 511 vita
1427 479 1458 511 11
1475 479 1583 512 libros

155 536 408 574 conscripsisse
434 536 563 564 Plinius
590 536 707 564 minor
731 545 786 575 ep.
814 536 862 564 ΙΙΙ
892 542 921 573 5,
948 543 966 572 3
1003 536 1106 564 nobis
1132 535 1248 565 tradit.
1301 535 1348 563 Et
1367 535 1408 564 .in
1434 534 1584 563 naturali

155 602 301 641 quoque
342 590 487 627 historia
520 591 741 640 Pomponius
772 591 937 628 laudibus
976 591 1137 635 effertur,
1176 591 1273 627 velut
1308 601 1338 626 e.
1372 602 1406 639 g.
1448 600 1509 639 13,
1538 591 1581 638 83
1643 625 1650 630 ,

162 664 282 691 ‚vates
309 658 467 700 civisque
485 658 718 691 clarissimus«
748 664 904 691 vocatur.
936 676 976 681 —
1004 658 1086 690 Hoc
1104 657 1308 700 exemplum
1334 668 1405 689 non
1431 662 1584 699 praeter-

155 715 311 746 eundum
338 715 460 747 censui
491 720 682 758 propterea
708 714 806 758 quod
832 725 913 747 cum
940 715 1105 747 Romano
1132 714 1305 746 artissime
1329 712 1507 745 cohaeret.

274 775 378 821 Quae
414 775 600 821 hucusque
635 775 680 811 de
714 775 931 821 singulorum
972 775 1185 822 scriptorum
1224 774 1378 821 reliquiis
1415 786 1437 809 a
1470 773 1598 809 Plinio>

156 838 304 871 servatis
343 849 465 871 eruere
504 838 588 871 mihi
626 839 799 880 contigit,
845 843 1016 880 quantam
1058 838 1229 871 iacturam
1270 837 1379 870 etiam
1422 841 1584 869 veterum

158 895 329 930 librorum
368 896 649 940 fragmentorum
691 896 831 930 aliunde
874 902 936 930 aut
973 907 1099 941 parum
1137 901 1198 930 aut
1237 895 1320 929 nihil
1359 895 1584 939 cognitorum
1643 890 1648 893 ’

157 956 245 992 Plini
272 963 349 992 arte
375 957 562 1003 deperdita
595 958 815 1003 antiquitatis
839 957 956 992 studia
981 957 1127 1010 fecerint
1163 956 1349 1002 propalam
1378 955 1580 990 ostendunt.

687 1101 752 1141 De
789 1102 1057 1142 Palaemone.

274 1193 416 1228 Praeter
454 1194 661 1228 Romanum
697 1205 717 1227 e
755 1193 894 1227 Charisi
932 1194 1137 1228 auctoribus
1176 1193 1364 1228 Palaemon
1404 1193 1582 1227 Plinianae

157 1254 342 1288 doctrinae
368 1254 567 1299 fragmenta
591 1256 762 1289 servavit:
802 1256 897 1300 apud
923 1267 1031 1300 quern
1055 1256 1185 1289 Plinius
1211 1256 1265 1289 his
1289 1255 1376 1289 locis
1400 1254 1582 1289 laudatur:

156 1326 189 1359 p.
224 1317 304 1358 187,
332 1324 379 1349 20
403 1321 440 1349 et
467 1323 547 1359 225,
576 1325 630 1359 29.
662 1324 717 1358 31,
745 1327 896 1360 quorum
933 1316 1148 1361 posteriores
1173 1317 1245 1350 duo
1272 1316 1582 1361 conspirantcum

158 1387 193 1421 p.
219 1376 301 1418 416,
328 1377 379 1412 18.
402 1386 446 1421 27
472 1377 670 1417 Diomedis,
696 1378 756 1422 qui
784 1377 911 1411 eodem
938 1376 1152 1411 Palaemone
1180 1370 1262 1412 usus
1288 1382 1351 1411 est.
1404 1377 1461 1411 Ac
1486 1387 1579 1422 prae-

155 1443 254 1471 terea
280 1437 363 1471 alibi
387 1438 485 1482 apud
503 1438 754 1472 Palaemonem
772 1438 857 1471 Plini
883 1439 1033 1482 vestigia
1051 1438 1160 1472 latere
1179 1439 1346 1482 deinceps
1371 1438 1584 1472 videbimus.

156 1497 212 1531 De
239 1497 297 1532 illo
324 1499 415 1533 bene
444 1499 640 1544 disputavit
659 1498 836 1533 Schottm.
863 1510 899 1544 p.
920 1500 940 1533 8
959 1510 1051 1544 sqq.,
1078 1499 1138 1544 qui
1157 1499 1414 1533 coniunctionis
1444 1498 1579 1532 ›velut‹

157 1570 222 1592 usu
250 1565 286 1593 et
310 1560 384 1594 aliis
419 1561 731 1595 observationibus
765 1561 868 1594 nixus
902 1560 1087 1594 nonnullas
1112 1566 1232 1606 partes
1258 1561 1414 1594 auctoris
1440 1560 1584 1594 nomine

157 1625 319 1653 carentes
338 1621 410 1654 iure
435 1621 480 1653 illi
498 1621 621 1654 tribuit
638 1623 684 1665 (v,
703 1622 856 1654 indicem
877 1634 908 1666 p.
931 1622 1000 1666 25).
1043 1621 1214 1665 Idemque
1240 1621 1369 1654 deinde
1388 1633 1421 1666 p.
1443 1622 1487 1655 28
1505 1631 1582 1665 sqq.

156 1678 408 1714 Palaemonem
425 1678 559 1714 Charisi
591 1686 627 1715 et
657 1681 843 1714 Diomedis
864 1692 1008 1727 prorsus
1028 1681 1208 1715 diversum
1232 1693 1253 1715 a
1279 1686 1399 1715 vetere
1418 1681 1584 1715 Remmio

156 1739 376 1774 Palaemone
411 1741 616 1784 Quintiliani
656 1742 828 1785 magistro
867 1747 902 1775 et
940 1742 1093 1775 eundem
1140 1753 1235 1781 esse,
1276 1742 1336 1785 qui
1388 1742 1421 1774 in
1460 1740 1584 1775 Sidoni

155 1799 373 1846 Apollinaris
399 1812 454 1847 ep.
480 1801 513 1836 X
544 1801 622 1835 libri
654 1802 765 1846 quinti
798 1802 981 1842 citaretur,
1019 1802 1213 1835 contendit.
1267 1800 1375 1845 Quod
1409 1801 1584 1847 posterius

156 1862 320 1906 quamvis
346 1862 392 1896 sit
419 1862 608 1902 infirmum,
635 1868 756 1897 tamen
782 1863 818 1897 id
844 1868 1007 1898 constare
1033 1863 1158 1903 debet,
1187 1862 1294 1897 talem
1319 1862 1461 1907 qualem
1488 1862 1584 1908 apud

155 1920 354 1954 Charisium
382 1922 581 1956 invenimus
609 1929 723 1957 artem
750 1923 1060 1958 Palaemonianam
1088 1934 1110 1956 a
1135 1923 1302 1957 Remmio
1329 1934 1400 1957 non
1426 1923 1583 1968 potuisse

157 1981 339 2026 proficisci.
393 1982 520 2027 Neque
555 1983 742 2018 Morawski
777 1984 827 2027 (in
861 1984 1020 2018 Hermae
1052 1983 1120 2018 vol.
1152 1983 1201 2018 XI
1229 1986 1332 2029 352),
1366 1993 1585 2028 quamquam

156 2042 340 2087 conpluria
374 2044 420 2076 ad
446 2044 649 2077 Remmium
688 2043 807 2077 referri
840 2049 959 2088 putat,
997 2044 1107 2077 multa
1139 2045 1174 2076 in
1208 2044 1296 2077 illius
1330 2049 1485 2077 aetatem
1512 2054 1584 2076 non

156 2102 331 2147 quadrare
366 2108 492 2148 negat,
529 2104 696 2150 idemque
731 2103 803 2138 sere
840 2103 958 2138 Christ
984 2102 1119 2150 (philol.
1156 2101 1272 2136 XVIII
1304 2102 1382 2149 126)
1408 2101 1584 2137 concedit.

157 2163 194 2197 Si
231 2165 377 2197 omnino
413 2165 588 2207 genuinus
622 2165 768 2209 quidam
805 2165 950 2198 nucleus
982 2164 1112 2202 subsit,
1149 2163 1234 2196 Plini
1272 2174 1418 2208 quoque
1444 2173 1585 2196 conme-

122 2232 125 2235 ·
157 2224 378 2258 morationes
396 2229 479 2271 post
496 2224 640 2259 additae
659 2224 892 2270 probabiliter
910 2224 1090 2271 putandae
1115 2224 1184 2258 sint
1210 2224 1253 2270 (v,
1275 2222 1452 2260 Schottm.
1472 2236 1506 2270 p.
1526 2231 1583 2268 29,

123 2277 128 2281 ⁸
157 2285 346 2319 Morawski
373 2286 394 2321 l.
422 2287 441 2320 1.
472 2298 504 2331 p.
534 2296 552 2329 3
562 2287 628 2331 52).
681 2287 816 2321 Verum
841 2298 926 2320 num
952 2297 1044 2332 quae
1076 2286 1123 2318 ad
1149 2285 1352 2318 Remmium
1387 2285 1586 2330 pertineant

161 2356 209 2380 ex
234 2346 285 2380 eis
311 2357 404 2393 quae
431 2346 608 2381 Schottm.
638 2347 834 2394 disputavit
868 2347 972 2382 valde
999 2346 1237 2381 dubitandum
1263 2350 1326 2381 est.
1377 2345 1469 2380 Nam
1496 2356 1586 2392 quae

157 2408 202 2441 de
219 2408 429 2443 elocutionis
448 2419 530 2442 cum
545 2408 766 2452 Quintiliano
784 2409 936 2454 (Remmi
952 2408 1136 2453 discipulo)
1150 2418 1325 2441 consensu
1338 2418 1359 2440 a
1372 2407 1586 2440 Morawskio
