1751 2750
828 132 871 165 33

124 226 364 270 *adferunturf
387 235 527 264 etiamsi
562 245 632 265 non
658 239 732 265 tam
763 236 922 276 volgaria
946 239 1076 272 essent,
1103 243 1230 276 parum
1257 234 1556 265 demonstrarent.

136 310 243 345 Adeo
264 305 485 351 »qualitatis«
507 323 589 348 vox,
609 324 679 352 qua
696 316 732 344 et
749 312 845 352 apud
862 310 1111 344 Palaemonem
1129 316 1166 343 et
1183 309 1279 352 apud
1295 307 1560 350 Quintilianum

136 362 233 386 modi
270 361 529 394 significantur,
559 362 670 386 etiam
705 362 739 386 in
771 363 879 396 Aspri
902 366 988 391 §arte
1020 362 1064 387 K.
1098 362 1132 386 V
1168 367 1208 394 55
1221 368 1246 390 ι,
1281 368 1319 393 13
1357 364 1552 394 usurpatur.

137 412 190 453 At
215 409 374 468 profecto
392 408 694 452 Palaemonianae
718 413 804 453 artis
830 413 966 453 indoles
993 414 1027 453 in
1053 413 1264 461 universum,
1293 417 1331 452 ut
1354 410 1557 468 antiquiora

139 488 261 523 insint.
295 498 316 519 a
340 488 481 519 Remmi
507 493 623 519 aetate
645 488 840 520 abhorrere
866 489 1067 529 coarguitur
1093 498 1164 519 non
1189 488 1306 519 solum
1331 486 1555 528 argumentis

137 552 158 571 a
192 541 367 571 Schottm.
407 542 552 582 adlatiS,
590 542 653 571 sed
687 543 794 571 etiam
830 552 892 578 eo,
926 543 1043 583 quod,
1079 551 1161 571 cum
1192 551 1258 572 nec
1292 542 1405 570 Varro
1436 549 1553 581 neque

137 598 266 637 Plinius
282 600 309 649 ¹)
342 611 459 650 neque
485 598 724 648 Quintilianus
748 604 784 637 et
810 611 854 637 ne
878 599 1043 637 Donatus
1075 598 1304 650 quidem,(K.
1331 598 1381 636 IV
1409 598 1490 647 378,
1520 597 1555 648 3)

137 671 251 697 certas
276 666 459 697 nominum
487 665 741 697 declinationes
774 672 976 702 secernant,
1010 666 1074 697 sed
1106 665 1332 697 solummodo
1358 664 1553 698 seeundum

136 721 309 754 ablativos
334 721 383 766 (in
409 731 440 761 a,
468 731 498 760 e,
526 721 546 760 i,
577 732 609 761 o,
639 723 676 766 u)
703 722 903 767 disponant,
930 721 1119 755 Palaemon
1145 721 1207 766 qui
1233 720 1339 753 fertur
1364 730 1420 765 ap.
1448 718 1552 754 Char.

134 781 160 823 Ι,
187 789 223 822 Χ,
251 782 359 829 quodv
378 789 485 830 caput
511 783 703 818 maximam
730 789 866 830 partem
901 783 943 829 (v.
973 781 1148 818 Schottm.
1177 795 1209 829 p.
1244 783 1299 827 18)
1333 781 1409 817 sive
1434 781 1553 828 potius

137 844 335 876 universum
361 845 436 877 eius
461 851 531 883 est,
559 846 628 877 iam
656 850 810 889 quatuor
834 845 975 878 ordines
1000 844 1135 885 volgari
1160 844 1250 876 serie
1274 855 1313 876 se
1338 843 1554 892 excipientes

136 902 297 936 distinxit
327 914 444 948 neque
478 903 640 949 quintum
674 904 855 947 ignoravit·
886 905 931 948 (v.
961 915 994 949 p.
1031 912 1039 936 ι
1049 904 1080 943 8,
1108 912 1140 946 9.
1171 911 1227 945 31,
1257 902 1303 946 8).
1355 901 1494 935 Deinde
1525 900 1553 934 si

134 963 385 1002 Palaemonem
402 976 483 999 cum
502 964 713 1000 Cominiano
730 965 937 1005 contuleris,
967 965 1063 999 haud
1090 963 1240 997 multum
1265 963 1433 997 interesse
1457 961 1553 996 intel-

113 1023 232 1067 *leges
259 1029 295 1057 et
313 1029 501 1069 utramque
527 1030 640 1058 artem
667 1025 875 1059 sollemnem
900 1025 992 1058 illam
1019 1023 1223 1058 recentioris
1250 1023 1375 1056 aetatis
1398 1022 1552 1066 speciem

134 1082 261 1118 referre
297 1084 445 1121 videbis.
497 1085 591 1119 Tum
626 1077 707 1120 inde
746 1086 843 1131 quod
881 1085 991 1120 altera
1028 1096 1085 1119 ars
1117 1095 1139 1117 a
1173 1082 1376 1118 Charisiana
1413 1082 1553 1116 diversa

134 1143 192 1187 (K.
220 1145 254 1177 V
284 1147 364 1189 525)
402 1146 518 1178 eidem
552 1146 758 1179 Palaemoni
792 1146 1004 1179 adscribitur
1034 1144 1213 1187 conligere
1244 1144 1278 1177 in
1305 1148 1474 1188 promptu
1500 1148 1554 1176 est

131 1208 318 1251 utramque
355 1216 425 1240 non
459 1206 591 1241 maiore
623 1206 696 1240 iure
733 1205 865 1240 inlustri
900 1205 945 1239 illi
982 1204 1217 1251 grammatico
1255 1197 1406 1249 inputari
1445 1212 1552 1248 quam

135 1264 272 1309 aliquot
296 1261 428 1310 scripta
452 1265 560 1299 Probi
583 1268 726 1300 nomine
753 1267 925 1300 adornata
953 1267 1106 1311 Berytio.

247 1324 482 1359 Nihilominus
507 1325 596 1360 haec
622 1337 689 1367 ars,
717 1327 799 1371 quia
823 1327 998 1361 nonnullis
1024 1327 1110 1360 locis
1135 1325 1220 1359 Plini
1246 1324 1447 1359 doctrinam
1471 1334 1550 1369 pro-

133 1385 194 1426 dit,
223 1386 268 1420 ad
293 1394 451 1423 nostram
477 1399 598 1422 curam
624 1389 786 1433 pertinet.
838 1389 995 1422 Pliniana
1028 1399 1114 1422 vero
1147 1388 1181 1421 iu
1207 1385 1343 1421 Charisi
1374 1385 1453 1420 libri
1479 1385 1494 1419 1
1520 1396 1549 1419 c.

131 1446 165 1479 X
189 1447 278 1480 haec
303 1448 544 1483 inveniuntur:

247 1519 282 1553 p.
322 1509 373 1549 18,
413 1518 472 1554 17:
508 1510 660 1544 »Dicunt
689 1509 890 1555 quidam,
926 1515 1065 1544 veteres
1099 1509 1134 1543 in
1165 1509 1280 1553 prima
1313 1507 1549 1542 declinatione

131 1567 254 1602 solitos
279 1570 424 1604 nomina
441 1572 610 1615 genetivo
636 1582 719 1605 casu
746 1582 810 1615 per
835 1583 874 1605 as
899 1571 1068 1616 proferre,
1088 1572 1173 1606 item
1200 1571 1322 1605 dativo
1347 1581 1412 1615 per
1437 1570 1458 1610 i,
1485 1569 1552 1603 vel-

132 1633 169 1661 ut
207 1628 298 1662 haec
334 1630 413 1663 aula
438 1630 542 1664 huius
566 1631 664 1665 aulas
689 1631 771 1665 huic
797 1632 907 1677 aulai3
935 1632 1068 1665 etiam
1093 1632 1197 1665 inde
1223 1641 1551 1676 perseverasse

129 1693 262 1732 pater
287 1689 530 1725 familias«.
585 1691 738 1739 (Eadem
766 1692 799 1725 in
826 1693 1003 1738 excerptis
1030 1692 1242 1727 Charisianis
1268 1702 1360 1736 quae
1385 1690 1551 1724 dicuntur

129 1760 165 1792 p.
194 1751 273 1792 538,
311 1759 355 1783 22
382 1762 427 1784 ex
460 1751 598 1795 integra
632 1752 850 1786 Palaemonis
883 1759 959 1787 arte
990 1753 1117 1786 hausta
1153 1754 1258 1797 sunt).
1310 1751 1408 1795 Quid
1443 1751 1551 1784 verba

133 1808 235 1843 »inde
258 1821 525 1855 perseverasse«
553 1812 621 1846 sibi
644 1813 763 1853 velint,
791 1813 1018 1859 conperimus
1043 1825 1063 1847 e
1088 1812 1176 1847 Plini
1202 1812 1286 1858 ipsis
1310 1811 1428 1846 verbis
1453 1811 1550 1856 apud

127 1869 332 1906 Romanum
364 1882 441 1912 120,
473 1883 530 1909 11:
561 1885 664 1908 »nam
691 1880 727 1909 et
753 1874 904 1909 Sisenna
938 1875 1050 1919 inquit
1084 1886 1167 1908 eum
1191 1874 1252 1918 qui
1283 1873 1416 1907 diceret
1448 1878 1551 1917 pater

128 1928 288 1972 familiae,
316 1938 458 1977 patrum
483 1932 691 1968 familiarum
718 1939 886 1979 oportere
910 1935 1037 1969 dicere.
1065 1934 1194 1978 itaque,
1230 1938 1371 1980 patrum
1406 1931 1548 1966 familia-

128 2002 205 2025 rum
231 2004 313 2026 cum
339 1995 604 2028 consuetudinis
631 1995 789 2029 taedium
815 1996 998 2040 respuerit,
1026 2000 1062 2029 et
1088 1992 1435 2038 paterfamilias
1459 1993 1548 2037 dici

127 2059 475 2094 perseveratum
500 2060 606 2090 est«.
623 2056 649 2099 ²)

227 2196 230 2198 ,
247 2166 266 2203 ¹)
287 2168 328 2194 Cf.
351 2168 434 2195 Char.
457 2178 483 2204 p.
511 2169 572 2203 138,
599 2169 646 2196 18:
670 2170 878 2204 »monosyllaba
898 2175 1003 2196 extra
1024 2169 1224 2204 analogian
1246 2177 1305 2195 esse
1326 2168 1429 2194 Plinius
1448 2166 1548 2193 eodem

126 2215 144 2242 l.
165 2216 204 2244 vi
224 2219 332 2246 scribit«
357 2236 392 2240 —
414 2219 480 2248 ibid.
508 2226 569 2256 135,
593 2227 642 2247 20:
668 2221 756 2248 nlacer
776 2230 812 2248 an
832 2221 945 2248 laceris?
966 2226 995 2248 ut
1016 2226 1092 2248 tener
1117 2229 1193 2256 puer.
1227 2219 1352 2246 ultimam
1373 2218 1446 2245 enim
1467 2225 1547 2244 voca-

124 2268 178 2295 lem
191 2290 197 2295 .
214 2291 220 2297 .
234 2282 258 2296 .ι
282 2280 305 2298 e.
330 2281 356 2307 q.
378 2281 399 2298 s.
420 2287 459 2292 —
480 2272 561 2300 Prob.
583 2273 619 2307 K.
646 2273 683 2299 IV
706 2272 752 2306 89,
779 2280 828 2300 10:
854 2273 1007 2308 »quaeritur
1027 2282 1043 2299 a
1064 2272 1153 2298 Plinio
1173 2272 1243 2304 Sec„
1265 2270 1354 2306 paries
1369 2289 1375 2296 .
1389 2291 1393 2295 .
1406 2290 1413 2296 .
1436 2277 1492 2306 qua
1512 2268 1548 2294 de

124 2326 209 2346 cansa
228 2329 284 2348 non
305 2327 331 2349 et
351 2323 404 2349 hoc
425 2331 526 2349 nomen
547 2323 583 2350 ad
603 2332 619 2350 e
637 2322 799 2358 productam
825 2321 893 2359 (scil.
915 2321 1047 2358 ablativo)
1068 2322 1200 2357 pertinere
1221 2322 1438 2357 pronuntietur«.

241 2370 264 2410 ²)
288 2372 379 2401 Etiam
399 2374 486 2401 Varro
506 2368 541 2401 de'
561 2374 579 2402 1.
600 2375 662 2402 Lat.
681 2370 760 2408 VIII,
784 2379 819 2408 73
840 2383 868 2410 p.
893 2380 945 2408 192
968 2373 1007 2400 M.
1029 2373 1056 2399 in
1077 2373 1129 2399 hac
1153 2372 1314 2408 quaestione
1340 2372 1377 2399 nd
1403 2372 1547 2399 Sisennam

123 2427 262 2455 provocat.
