1751 2750
119 671 213 731 'C
241 696 388 730 Plinium
423 696 626 731 Secundum
666 697 746 731 VIII
780 697 877 731 dubii
909 698 1081 730 sermonis
1115 697 1222 731 libros
1256 697 1511 741 conscripsisse
1545 708 1566 731 e

146 757 230 790 Plini
256 757 384 792 Caecili
409 759 559 803 epistola
584 759 619 792 V
644 759 720 792 libri
747 760 1078 804 tertiitconpertum
1103 758 1287 798 habemus,
1321 759 1379 792 ubi
1416 759 1450 791 in
1476 758 1565 791 illius

35 811 37 817 ⁴
89 837 91 839 -
144 817 355 863 scriptorum
374 819 640 853 enumeratione
666 818 753 853 haec
769 819 953 864 leguntur:
985 819 1116 853 »Dubii
1142 819 1315 853 sermonis
1332 824 1434 853 octo:
1461 818 1566 863 scrip-

144 879 189 920 sit
212 880 278 913 sub
304 879 445 913 Nerone
471 880 669 913 novissimis
693 881 803 920 annis,
831 892 912 913 cum
938 891 1045 913 omne
1079 880 1277 913 studiorum
1312 890 1425 923 genus
1459 878 1567 923 paulo

143 938 285 973 liberius
312 944 348 973 et
373 940 526 973 erectius
552 940 789 984 periculosum
822 940 971 974 servitus
1006 940 1181 974 fecisset«.
1233 940 1273 973 In
1306 939 1361 972 his
1387 939 1485 973 libris
1510 949 1566 972 res

143 1000 394 1044 grammaticas
419 1005 586 1034 tractatas
612 1000 716 1034 fuisse
743 1001 813 1034 iam
841 1000 901 1034 diu
927 1000 1113 1045 cognitum
1139 1005 1213 1034 erat
1239 1005 1275 1034 et
1308 1005 1492 1044 postremo
1516 999 1564 1034 di-

143 1060 264 1103 ligenti
289 1060 555 1093 ratiocinatione
579 1071 600 1093 a
628 1059 994 1094 Schottmiillero
1023 1060 1088 1093 »de
1114 1059 1151 1093 C.
1171 1059 1260 1092 Plini
1286 1059 1442 1092 Secundi
1468 1059 1565 1092 libris

142 1120 401 1163 grammaticis«
432 1119 691 1163 (dissertatione
716 1119 896 1153 Bonnensi
921 1131 950 1153 a.
978 1118 1358 1164 1858)-confirmatum
1384 1125 1448 1152 est.
1499 1118 1565 1152 Ne-

143 1191 213 1223 que
245 1181 338 1214 enim
370 1181 498 1214 diversi
530 1186 610 1214 sunt
643 1181 689 1214 ab
716 1181 765 1214 eis
800 1192 891 1224 quos
915 1180 1043 1213 Plinius
1069 1180 1144 1224 ipse
1170 1180 1204 1213 in
1231 1185 1300 1217 nat.
1326 1179 1407 1215 hist.
1432 1179 1565 1224 praefa-

82 1254 90 1257 ”
141 1241 238 1274 tione
266 1241 284 1286 ἓ
311 1242 355 1274 28
387 1240 542 1274 »libellos
568 1252 660 1285 quos
686 1242 731 1274 de
758 1241 992 1284 grammatica
1018 1241 1133 1274 edidi‹
1167 1246 1274 1274 vocat
1306 1245 1416 1283 atque
1442 1244 1567 1274 contra

142 1310 232 1344 quos
269 1306 307 1335 et
335 1300 484 1335 'Stoicos
519 1306 554 1334 et
586 1301 801 1336 Dialecticos
836 1307 870 1335 et
900 1301 1096 1346 Epicureos
1139 1301 1352 1346 ›parturire‹
1388 1300 1490 1335 dicit:
1529 1301 1565 1335 id

141 1363 238 1404 quod
264 1373 335 1395 non
362 1362 477 1395 solum
503 1362 585 1396 inde
610 1363 884 1401 demonstratur.
920 1363 1019 1406 quod
1044 1362 1218 1396 Caecilius
1251 1362 1319 1395 alia
1354 1362 1486 1405 scripta
1517 1362 1563 1395 ad

139 1426 253 1455 artem
278 1423 549 1466 grammaticam
575 1422 771 1466 spectantia
796 1434 868 1456 non
902 1423 1016 1457 adfert
1045 1428 1080 1456 et
1105 1427 1291 1467 tamquam
1327 1433 1393 1468 pro
1419 1432 1563 1456 excusa-

139 1483 238 1517 tione
263 1483 372 1524 addit,
400 1495 443 1518 eo
468 1489 633 1529 tempore
657 1485 831 1518 sermonis
865 1485 963 1519 dubii
995 1484 1104 1518 libros
1133 1483 1341 1528 conpositos
1371 1495 1450 1517 esse
1491 1495 1564 1528 quo

140 1543 281 1577 Nerone
307 1544 508 1587 inperatore
534 1556 554 1577 a
585 1545 806 1578 liberioribus
839 1545 965 1578 studiis
1001 1545 1164 1578 homines
1195 1544 1463 1584 deterrerentur,
1499 1544 1565 1577 sed

141 1614 184 1637 eo
210 1615 354 1649 quoque
379 1605 629 1650 conprobatur,
657 1605 754 1649 quod
780 1617 953 1640 annorum
973 1605 1169 1639 rationibus
1193 1605 1396 1649 conputatis
1421 1609 1564 1649 tempus

141 1674 212 1707 quo
237 1664 366 1698 Plinius
390 1666 502 1698 maior
527 1666 572 1698 de
589 1666 821 1709 grammatica
846 1677 885 1699 se
901 1666 1085 1709 scripsisse
1109 1665 1194 1699 dicit
1218 1665 1252 1698 in
1271 1665 1423 1698 Neronis
1448 1665 1563 1699 novis-

140 1725 250 1758 simos
286 1735 408 1765 annos,
447 1725 576 1770 quibus
608 1725 653 1759 illi
700 1725 775 1760 libri
812 1726 898 1760 editi
942 1737 1020 1760 esse
1055 1726 1250 1766 traduntur,
1288 1725 1420 1761 incidit.
1471 1724 1565 1769 Quia

139 1786 232 1819 enim
267 1786 302 1818 in
336 1785 556 1829 praefatione
591 1795 661 1820 nat.
687 1787 767 1822 hist.
794 1798 824 1820 a.
853 1786 1018 1820 LXXVII
1054 1785 1217 1820 confecta
1243 1785 1480 1830 philosophos
1504 1785 1563 1818 ad-

139 1855 262 1879 versus
297 1856 359 1879 eos
395 1846 566 1880 »subinde
599 1847 746 1880 abortus
771 1845 886 1880 facere
911 1847 980 1880 iam
1007 1846 1041 1880 X
1063 1847 1184 1881 annis«
1215 1850 1342 1886 narrat,
1368 1856 1398 1880 a.
1427 1844 1564 1880 LXVII

139 1918 203 1941 eos
240 1908 414 1950 prodiisse
440 1908 602 1941 concludi
639 1913 778 1951 potest:
826 1909 887 1952 qui
927 1914 981 1942 est
1024 1920 1135 1942 annus
1173 1920 1194 1941 a
1228 1908 1379 1941 Neronis
1420 1907 1563 1940 interitu

139 1968 335 2010 proximus.

255 2029 365 2063 Dubii
390 2030 562 2064 sermonis
586 2029 695 2064 libros
725 2030 899 2064 interiisse
933 2042 977 2064 eo
1012 2030 1127 2074 magis
1162 2029 1354 2063 dolendum
1389 2033 1454 2069 est.
1490 2039 1563 2073 quo

139 2090 260 2131 quanti
287 2090 334 2122 ad
360 2089 541 2123 historiam
567 2091 820 2133 grammaticae
844 2090 993 2123 Latinae
1019 2091 1191 2124 momenti
1216 2089 1344 2124 fuerint
1370 2089 1452 2122 inde
1477 2088 1562 2122 dilu-

139 2148 218 2183 cide
250 2149 496 2194 intellegimus,
533 2151 630 2195 quod
665 2161 833 2195 magnam
866 2151 1156 2185 observationum
1189 2150 1314 2184 silvam
1348 2149 1563 2195 posteriores

59 2220 62 2231 ¹
106 2220 109 2221 ’
138 2212 363 2254 grammatici
387 2223 433 2245 ex
459 2212 508 2245 eis
543 2213 736 2245 hauserunt
770 2217 806 2246 et
832 2212 944 2246 multo
978 2213 1121 2256 saepius
1155 2211 1278 2255 procul
1312 2211 1422 2244 dubio
1454 2221 1563 2254 quam

136 2269 203 2314 ipsi
238 2270 479 2313 indicaverunt
512 2272 561 2306 eis
596 2271 648 2305 usi
682 2276 774 2306 sunt.
826 2272 1003 2307 Libellum
1034 2277 1153 2307 autem
1188 2271 1475 2312 differentiarum,
1501 2269 1562 2316 qui

139 2330 174 2364 in
213 2332 378 2378 catalogo
417 2332 654 2368 bibliothecae
688 2333 875 2368 Bobiensis
907 2345 971 2380 per
1013 2345 1167 2369 errorem
1202 2333 1312 2367 Plinio
1350 2332 1563 2367 adtribuitur
