1751 2750
6 410 26 425 Υ
70 414 72 417 ’
129 411 133 427 i

13 437 17 445 n

847 127 866 165 7

262 236 379 271 Christ
405 237 513 272 multa
539 238 721 272 contendit
745 249 836 283 quae
867 237 1085 282 argumentis
1111 237 1257 271 omnino
1283 241 1438 276 careant,
1467 235 1567 270 velut

145 298 190 353 de
217 297 478 333 Schottmiilleri
505 300 676 333 sententia
702 300 790 333 haec
815 299 949 343 profert
973 299 1104 344 (philol.
1132 298 1249 332 XVIII
1276 309 1309 342 p.
1342 298 1439 341 1·:22)
1472 312 1485 328 »
1507 325 1514 332 .
1532 323 1562 330 ..

144 369 262 402 gegen
288 359 385 392 diese
411 340 588 393 annahme
614 360 698 393 lasst
724 360 796 393 sich
824 360 879 393 ein
905 359 1109 393 schwerlich
1135 370 1177 391 zu
1205 357 1469 401 beseitigender
1493 357 1565 390 ein·

143 419 248 452 wand
282 419 425 463 geltend
460 419 619 453 macheu.
673 420 731 454 Da
766 420 916 454 narnlich
952 419 1132 453 Charisius
1156 419 1219 452 das
1253 429 1366 461 ganze
1392 429 1420 452 c.
1451 417 1520 452 XV
1544 417 1566 451 l.

144 479 158 513 Ι
184 480 253 514 den
286 480 519 514 einleitenden
553 486 686 515 worten
721 482 811 515 nach
843 492 885 514 zu
911 481 1101 515 schliessen
1131 481 1179 525 (p.
1211 487 1265 523 50,
1295 481 1315 514 8
1349 500 1380 505 —
1421 487 1474 523 51,
1504 481 1564 526 20)

144 528 382 575 auseinem
418 541 479 587 (Η)
514 545 679 585 grossern
711 541 806 575 werk
843 542 931 575 iiber
964 542 1019 575 die
1054 541 1203 574 latinitat
1236 551 1454 584 genommen
1487 541 1559 581 hat,

106 592 108 594 V
142 601 218 635 sich
244 602 341 635 darin
375 602 461 636 aber
494 602 686 637 mehr-mals
719 602 783 636 auf
810 602 867 636 die
899 613 979 635 zum
1013 601 1095 635 theil
1132 601 1406 635 abweichenden
1440 601 1562 635 iehren
1596 600 1599 605 ’

143 662 206 695 des
228 662 255 705 J.
282 662 465 695 Romanus
492 662 640 702 bezieht,
668 674 707 696 so
734 674 831 695 muss
850 673 887 695 er
911 662 1003 695 eben
1029 662 1112 695 alles
1132 662 1256 705 iibrige
1283 662 1346 694 mit
1364 662 1560 696 ausnahme

140 720 238 764 jener
262 722 423 764 wenigen
450 721 573 755 stellen
599 733 662 755 aus
679 722 793 755 einem
820 722 951 755 andern
972 721 1225 764 grammatiker
1243 721 1401 755 entlehnt
1418 721 1556 755 haben«

143 781 351 823 etbinferius
383 781 429 825 (p.
463 782 553 826 169).
584 782 642 815 ubi
676 794 722 815 ex
754 793 926 816 consensu
959 782 1045 815 initii
1072 793 1101 816 e.
1129 781 1197 815 XV
1231 784 1276 825 (p.
1309 789 1362 824 50,
1391 782 1450 825 25)
1479 793 1560 815 cum

124 840 329 875 ·Diomedis
356 842 435 876 loco
461 843 506 887 (p.
533 851 614 886 439,
649 843 702 888 16)
728 842 884 887 Caprum
909 847 1092 876 auctorem
1126 841 1231 875 fuisse
1256 841 1560 875 demonstraturus

140 907 206 942 est,
235 902 285 935 sic
310 903 473 947 conligit:
505 903 618 937 »Dass
643 904 757 937 dieses
784 903 978 937 Diomedes
1007 914 1070 937 aus
1096 903 1211 936 Varro
1245 902 1355 936 selbst
1381 901 1479 936 nicht
1503 913 1562 946 ge-

143 973 310 997 nommen
329 963 433 1000 habe.
454 964 589 998 scheint
615 964 744 998 sicher:
773 976 810 998 er
835 964 970 998 konnte
997 975 1035 997 es
1061 963 1148 996 aber
1174 962 1271 996 nicht
1294 962 1400 996 leicht
1426 963 1562 997 anders-

141 1023 262 1057 woher
298 1024 471 1064 nehmen,
513 1025 561 1058 als
600 1036 662 1058 aus
700 1025 817 1069 Caper
856 1024 924 1069 (ΡΞ),
966 1025 1029 1057 der
1067 1024 1123 1057 ein
1161 1022 1256 1057 buch
1294 1023 1339 1056 de
1373 1023 1562 1057 Latinitate

140 1083 371 1127 geschrieben
397 1086 468 1118 und
495 1086 576 1119 sehr
601 1085 654 1118 oft
680 1086 714 1118 in
740 1086 860 1118 seinen
891 1085 1050 1118 buchern
1082 1083 1146 1117 auf
1175 1085 1245 1117 den
1272 1082 1386 1117 Varro
1419 1085 1559 1118 zuriick-

142 1132 331 1187 gegangen
368 1156 473 1178 war«.
513 1165 555 1170 —
595 1145 674 1178 Hac
713 1145 851 1178 ratione
894 1144 978 1177 nihil
1025 1144 1259 1178 demonstrari
1296 1149 1460 1188 apertum
1497 1149 1560 1178 est.

141 1202 367 1248 Quamquam
403 1205 436 1238 in
470 1217 498 1240 c.
530 1205 599 1239 XV
632 1206 750 1238 insunt
780 1216 872 1249 quae
907 1216 988 1238 cum
1016 1204 1122 1249 Capri
1154 1204 1314 1238 doctrina
1347 1205 1560 1249 conspirent,

139 1263 175 1296 id
201 1265 297 1308 quod
325 1265 493 1310 deinceps
518 1266 728 1302 videbimus.
756 1271 875 1299 tamen
902 1265 960 1308 qui
987 1265 1145 1298 diversos
1178 1264 1295 1298 fontes
1327 1265 1564 1299 distinxerunt

82 1338 85 1339 ⁷
140 1324 216 1357 sine
240 1325 351 1359 dubio
377 1331 472 1359 recte
499 1326 750 1359 iudicaverunt.

258 1384 330 1418 Sed
354 1385 565 1419 Morawskio
593 1386 627 1420 in
652 1386 853 1419 universum
885 1390 1023 1419 tanturn
1050 1385 1220 1418 adsensus
1246 1396 1335 1421 sum.
1389 1384 1489 1430 Quae
1516 1396 1561 1420 ex

141 1456 168 1478 c.
198 1445 266 1479 XV
292 1450 413 1479 nostra
440 1447 664 1490 potissimum
693 1447 840 1480 interest
856 1452 1020 1485 tractare,
1047 1452 1129 1479 sunt
1147 1446 1353 1490 antiquioris
1379 1447 1560 1480 doctrinae

140 1505 196 1538 illa
221 1505 340 1545 frusta,
367 1518 519 1551 quorum
546 1518 627 1541 cum
646 1507 808 1540 universa
827 1507 915 1540 ratio
940 1512 1015 1540 turn
1042 1506 1137 1540 haud
1163 1517 1276 1552 pauca
1295 1506 1460 1551 exempla
1478 1517 1559 1540 cum

139 1577 169 1602 c.
195 1566 296 1601 XVII
323 1568 513 1602 concinunt
540 1579 703 1612 quaeque
728 1567 887 1611 inprimis
913 1568 1148 1612 posteriorem
1175 1579 1203 1601 c.
1232 1567 1300 1601 XV
1327 1572 1465 1612 partem
1488 1567 1558 1602 effi-

141 1628 246 1667 ciunt,
275 1627 412 1661 etiarnsi
438 1629 474 1661 in
500 1629 615 1673 priore
641 1627 785 1673 quoque
807 1628 890 1661 talia
912 1629 1145 1663 inveniuntur.
1198 1628 1298 1661 Haec
1315 1633 1446 1667 autem,
1467 1639 1560 1674 quae

141 1687 395 1722 Schottmuller
424 1689 577 1722 Keilium
608 1695 751 1723 secutus
781 1701 800 1723 e
829 1689 982 1723 Romani
1007 1689 1103 1722 libris
1128 1689 1343 1733 deprompta
1369 1689 1559 1729 existimat,

141 1748 330 1782 Morawski
358 1761 403 1782 ex
438 1761 480 1782 eo
513 1750 601 1784 libro
638 1750 849 1793 profluxisse
882 1755 1004 1784 censet
1030 1750 1089 1793 qui
1115 1750 1282 1794 Romano
1321 1761 1466 1794 quoque
1491 1761 1558 1794 pro

141 1808 238 1842 fonte
264 1815 354 1843 erat:
381 1821 452 1854 qua
476 1811 510 1843 in
537 1822 573 1843 re
598 1811 643 1843 ad
662 1810 852 1844 Christium
872 1810 904 1854 (1.
932 1810 953 1845 1.
973 1821 1006 1853 p.
1033 1810 1110 1854 122)
1136 1815 1320 1853 provocat,
1344 1810 1403 1855 qui
1430 1811 1557 1844 Roma-

141 1880 225 1903 num
252 1874 287 1903 et
312 1881 339 1904 c.
367 1870 435 1904 XV
461 1876 620 1904 autorem
646 1871 814 1905 conmuni
839 1870 937 1905 fonte
964 1882 1046 1904 usos
1072 1881 1149 1905 esse
1175 1871 1417 1907 contenderat.

258 1931 330 1964 Iam
363 1931 526 1964 videmus
565 1932 686 1974 quanti
720 1932 856 1965 intersit
890 1936 928 1964 ut
960 1931 1051 1965 hanc
1090 1932 1335 1975 quaestionem
1370 1932 1415 1965 ad
1449 1931 1559 1965 finem

97 1982 99 1985 ¹
140 1990 389 2035 perducamus.
441 1992 582 2025 Etenim
615 1993 830 2037 quicumque
855 1991 1043 2025 Morawski
1078 1991 1291 2026 sententiam
1325 1993 1558 2037 conprobant.

78 2085 82 2089 ,
140 2062 257 2096 neque
281 2052 426 2086 Plinium
454 2064 570 2097 neque
596 2055 735 2087 ceteros
761 2053 950 2097 scriptores
977 2064 1127 2096 quorum
1152 2058 1344 2098 praecepta
1370 2058 1406 2087 et
1430 2053 1500 2087 XV
1525 2058 1561 2087 et

140 2111 240 2145 XVII
267 2123 296 2145 c.
324 2118 512 2146 occurrunt
536 2125 557 2146 a
582 2114 747 2146 Romano
781 2113 859 2157 ipso
892 2118 1081 2155 usurpatos
1112 2123 1200 2151 esse,
1235 2113 1298 2145 sed
1331 2123 1396 2156 per
1423 2112 1558 2145 fontem

140 2171 236 2206 illum
263 2184 476 2207 conmunem
504 2173 548 2207 ad
575 2185 655 2208 eum
681 2173 886 2219 pervenisse
913 2172 1177 2207 existimabunt.

259 2233 331 2268 Sed
356 2234 540 2268 videamus
564 2234 885 2278 primum,‘quibus
909 2235 1023 2267 causis
1057 2233 1173 2267 Christ
1200 2239 1235 2266 et
1267 2234 1456 2267 Morawski
1481 2244 1560 2267 con-

141 2293 229 2337 moti
260 2294 330 2328 sint
363 2300 401 2328 ut
432 2306 460 2328 c.
489 2295 558 2329 XV
583 2299 768 2329 auctorem
794 2294 959 2329 Romano
992 2305 1094 2328 usum
1129 2305 1208 2328 esse
1242 2305 1350 2340 posse
1378 2300 1560 2340 negarent.

139 2354 367 2388 Potissimum
393 2356 427 2389 in
455 2367 499 2390 eo
525 2357 693 2396 nituntur,
720 2356 819 2399 quod
845 2356 912 2389 alia
938 2356 973 2389 in
991 2356 1069 2395 XV,
1098 2356 1164 2389 alia
1190 2356 1224 2389 in
1242 2356 1343 2389 XVII
1361 2367 1390 2389 c.
1419 2357 1561 2389 uberius

141 2419 346 2459 tractantur,
375 2416 469 2449 unde
496 2416 586 2453 effici
612 2417 802 2465 opinantur
819 2426 1034 2454 conmunem
1060 2415 1196 2454 fontem
1221 2416 1393 2452 maiorem
1419 2416 1561 2467 copiam
