1751 2750
813 400 959 459 Vita.

287 526 514 561 Hermannus
545 527 742 562 Fridericus
765 528 952 562 Neumann
977 533 1079 562 natus
1102 540 1181 562 sum
1206 529 1410 563 Elmshorni
1429 529 1591 563 Holsato-

143 590 245 625 ,rum
264 597 359 621 anno
389 588 478 631 1858
504 588 562 622 die
584 588 666 622 VIII
693 588 824 622 mensis
846 587 944 624 Iunii.
984 588 1109 622 Fidem
1136 588 1312 623 confiteor
1342 590 1592 634 evangelicam.

167 645 368 681 Literarum
399 648 601 692 primordiis
633 649 731 682 domi
766 648 911 681 inbutus
944 648 1026 681 inde
1059 660 1081 681 a
1114 660 1197 681 vere
1229 660 1259 681 a.
1294 650 1382 691 187'2
1411 661 1523 693 usque
1548 651 1594 682 ad

166 709 377 744 autumnum
402 717 433 740 a.
467 707 557 751 1876
583 707 808 751 gymnasium
827 707 1090 741 Christianeum
1110 707 1319 747 Altonense.
1348 707 1447 753 quod
1473 708 1593 742 etiam-

167 762 260 800 nunc
286 778 318 801 ν.
337 767 394 804 inl.
413 767 530 802 Lucht
554 768 722 814 auspiciis
740 767 852 809 floret,
881 768 1110 813 frequentavi.
1155 768 1371 803 Maturitatis
1387 769 1593 803 testimonio

166 826 358 861 instructus
384 828 419 862 in
445 828 624 861 literarum
652 829 920 862 universitatem
948 827 1320 874 Gryphiswaldensem
1355 832 1413 861 me
1447 828 1591 868 contuli,

109 887 112 889 ’
166 886 226 920 ubi
252 899 316 933 per
341 893 467 934 quater
492 900 556 922 sex
583 900 728 923 menses
746 888 961 935 philologiae
986 889 1112 923 studiis
1139 899 1287 934 operam
1314 889 1407 923 dedi.
1452 889 1594 923 Deinde

166 958 275 981 unum
300 953 471 982 semestre
496 949 646 983 Berolini
675 954 903 983 conmoratus
929 960 1024 989 sum„
1068 950 1162 983 Vere
1186 960 1217 982 a.
1251 950 1342 992 1879
1370 949 1591 982 academiam

164 1005 358 1042 Kiliensem
390 1008 482 1048 adii,
521 1009 580 1043 ubi
612 1014 666 1043 ter
698 1004 765 1043 'sex
797 1009 979 1043 mensibus
1012 1010 1197 1043 transactis
1232 1014 1405 1043 autumno
1438 1009 1592 1054 proximi

163 1068 246 1101 anni
273 1079 424 1102 examen
450 1080 517 1113 pro
542 1068 709 1102 facultate
734 1069 887 1102 docendi
912 1069 1059 1102 absolvi.

172 1122 176 1124 ἡ
280 1127 487 1162 Docuerunt
521 1139 579 1162 me
614 1139 669 1162 vv.
706 1127 775 1164 inll.
810 1128 927 1168 Baier‚
963 1129 1093 1168 Hoter,
1130 1127 1329 1172 Kiessling,
1366 1128 1584 1172 Liitjohann.

163 1186 434 1232 Reifferscheid,
462 1187 647 1234 Schuppe‚
675 1188 868 1228 Susemihl,
895 1189 1015 1233 Vogt,
1042 1189 1087 1222 de
1111 1188 1593 1223 Wilamowitz-Mffllendorff

163 1245 532 1293 Gryphiswaldenses;
574 1249 714 1289 Harms,
742 1248 935 1288 Kirchhoff,
965 1248 1125 1287 Scherer,
1153 1248 1293 1282 Vahlen
1323 1248 1587 1289 Berolinenses;

162 1307 272 1347 Blass,
291 1308 579 1348 Forchhammer,
595 1309 859 1346 Klostermann.
879 1309 1050 1348 Liibbert,
1066 1308 1214 1347 Pfeiffer,
1232 1308 1384 1348 Pietsch,
1411 1308 1585 1342 Thaulow

162 1366 346 1404 Kilienses.
1207 1413 1210 1416 ⁴

280 1427 586 1473 Gryphiswaldiae
618 1429 749 1463 sodalis
785 1429 834 1462 fui
871 1430 1069 1464 ordinarius
1107 1429 1284 1463 seminarii
1308 1429 1513 1474 philologici
1538 1430 1585 1462 di-

162 1488 358 1522 rectoribus
394 1488 576 1534 Kiessling
611 1494 646 1523 et
680 1489 724 1523 de
758 1488 1247 1529 Wilamowitz-Mffllendorfs,
1286 1489 1589 1523 extraordinarius

161 1551 355 1595 germanici
381 1551 589 1585 moderante
613 1550 888 1593 Reifferscheid3
913 1550 1026 1584 Kiliae
1044 1550 1175 1585 sodalis
1193 1551 1390 1584 ordinarius
1407 1551 1586 1584 seminarii

162 1611 355 1654 germanici
381 1616 527 1654 regente
551 1610 705 1649 Pseiffer,
734 1610 1033 1644 extraordinarius
1066 1610 1281 1654 philologici,
1314 1611 1368 1644 cui
1395 1615 1584 1656 praeerant

161 1669 442 1705 Forchhammer
468 1676 504 1705 et
537 1670 708 1707 Lubbert.
745 1692 791 1696 —-
826 1670 1013 1706 Praeterea
1045 1671 1357 1720 exercitationibus
1392 1671 1587 1705 sancriticis

162 1733 209 1766 ab
234 1732 367 1772 Hofer,
404 1732 628 1766 Aristoteleis
653 1743 674 1765 a
699 1731 896 1771 Susemihl,
932 1732 1049 1765 latinis
1075 1742 1095 1765 a
1128 1732 1340 1775 Liitjohann,
1377 1732 1588 1775 germanicis

163 1803 185 1825 a
217 1792 331 1836 Vogt,
374 1791 599 1838 philologieis
631 1803 654 1825 a
685 1780 888 1835 Kirchhoff,
927 1791 1206 1836 archaeologicis
1238 1803 1260 1826 a
1294 1791 1584 1830 Forchhammer,

162 1852 356 1887 theodiscis
381 1864 403 1886 a
426 1852 566 1887 Pietsch
591 1852 759 1886 institutis
785 1853 955 1886 interesse
980 1858 1016 1886 et
1041 1852 1222 1886 societatis
1248 1852 1484 1886 Aristoteleae
1510 1863 1582 1885 mo-

108 1943 113 1945 *
162 1913 308 1960 derante
334 1913 508 1947 Thaulow
533 1912 695 1958 participi
721 1911 797 1946 fieri
822 1912 907 1946 mihi
934 1912 1040 1946 licuit.

280 1972 420 2017 Quibus
445 1972 610 2007 omnibus
635 1973 718 2006 viris
744 1972 958 2006 doctissimis
983 1977 1019 2006 et
1045 1973 1182 2018 optime
1207 1972 1252 2006 de
1271 1983 1329 2006 me
1353 1972 1485 2006 meritis
1509 1982 1583 2015 gra-

162 2033 227 2066 tias
254 2043 326 2077 ago
350 2044 561 2078 semperque
587 2033 730 2067 habebo
756 2044 863 2077 quam
890 2033 1076 2067 maximas.
