<?xml version="1.0" encoding="UTF-8"?>
<!DOCTYPE html PUBLIC "-//W3C//DTD XHTML 1.0 Transitional//EN"
    "http://www.w3.org/TR/xhtml1/DTD/xhtml1-transitional.dtd">
<html xmlns="http://www.w3.org/1999/xhtml" xml:lang="en" lang="en">
 <head>
  <title>
</title>
<meta http-equiv="Content-Type" content="text/html;charset=utf-8" />
  <meta name='ocr-system' content='tesseract 3.04.00' />
  <meta name='ocr-capabilities' content='ocr_page ocr_carea ocr_par ocr_line ocrx_word'/>
</head>
<body>
  <div class='ocr_page' id='page_1' title='image "4737396_0068.png"; bbox 0 0 1751 2750; ppageno 0'>
   <div class='ocr_carea' id='block_1_1' title="bbox 770 204 948 208">
    <p class='ocr_par' dir='ltr' id='par_1_1' title="bbox 770 204 948 208">
     <span class='ocr_line' id='line_1_1' title="bbox 770 204 948 208; baseline 0 0"><span class='ocrx_word' id='word_1_1' title='bbox 770 204 948 208; x_wconf 95' lang='lat' dir='ltr'> </span> 
     </span>
    </p>
   </div>
   <div class='ocr_carea' id='block_1_2' title="bbox 1259 0 1751 499">
    <p class='ocr_par' dir='ltr' id='par_1_2' title="bbox 1259 0 1751 499">
     <span class='ocr_line' id='line_1_2' title="bbox 1259 0 1751 499; baseline 0 0"><span class='ocrx_word' id='word_1_2' title='bbox 1259 0 1751 499; x_wconf 95' lang='lat' dir='ltr'>   </span> 
     </span>
    </p>
   </div>
   <div class='ocr_carea' id='block_1_3' title="bbox 115 155 1546 495">
    <p class='ocr_par' dir='ltr' id='par_1_3' title="bbox 115 155 1546 495">
     <span class='ocr_line' id='line_1_3' title="bbox 714 155 853 208; baseline 0 0"><span class='ocrx_word' id='word_1_3' title='bbox 714 205 768 208; x_wconf 77' lang='lat'><strong>—</strong></span> <span class='ocrx_word' id='word_1_4' title='bbox 811 155 853 197; x_wconf 77' lang='lat'>58</span> 
     </span>
     <span class='ocr_line' id='line_1_4' title="bbox 115 270 1195 316; baseline -0.003 -11"><span class='ocrx_word' id='word_1_5' title='bbox 115 271 277 306; x_wconf 86' lang='lat' dir='ltr'>Cassiod.</span> <span class='ocrx_word' id='word_1_6' title='bbox 310 272 387 311; x_wconf 90' lang='lat'>160,</span> <span class='ocrx_word' id='word_1_7' title='bbox 421 280 463 305; x_wconf 90' lang='lat'>10</span> <span class='ocrx_word' id='word_1_8' title='bbox 490 271 681 316; x_wconf 88' lang='lat' dir='ltr'>quicquam</span> <span class='ocrx_word' id='word_1_9' title='bbox 708 282 791 304; x_wconf 92' lang='lat' dir='ltr'>cum</span> <span class='ocrx_word' id='word_1_10' title='bbox 902 270 1007 305; x_wconf 87' lang='lat' dir='ltr'><strong>Prisc.</strong></span> <span class='ocrx_word' id='word_1_11' title='bbox 1035 277 1091 313; x_wconf 85' lang='lat'>35,</span> <span class='ocrx_word' id='word_1_12' title='bbox 1125 279 1136 302; x_wconf 92' lang='lat'>1</span> <span class='ocrx_word' id='word_1_13' title='bbox 1193 309 1195 311; x_wconf 20' lang='lat'><strong><em>¹</em></strong></span> 
     </span>
     <span class='ocr_line' id='line_1_5' title="bbox 250 327 1546 377; baseline -0.003 -12"><span class='ocrx_word' id='word_1_14' title='bbox 250 331 253 333; x_wconf 80' lang='grc'><strong>’</strong></span> <span class='ocrx_word' id='word_1_15' title='bbox 306 331 383 371; x_wconf 89' lang='lat'>162,</span> <span class='ocrx_word' id='word_1_16' title='bbox 411 332 434 365; x_wconf 92' lang='lat'><strong>6</strong></span> <span class='ocrx_word' id='word_1_17' title='bbox 461 331 656 377; x_wconf 87' lang='lat' dir='ltr'>improbus.</span> <span class='ocrx_word' id='word_1_18' title='bbox 683 331 809 365; x_wconf 88' lang='lat' dir='ltr'>imbuit</span> <span class='ocrx_word' id='word_1_19' title='bbox 1034 339 1088 373; x_wconf 80' lang='lat'>31,</span> <span class='ocrx_word' id='word_1_20' title='bbox 1117 338 1136 363; x_wconf 84' lang='lat'>2</span> <span class='ocrx_word' id='word_1_21' title='bbox 1172 329 1246 373; x_wconf 92' lang='lat' dir='ltr'>(ubi</span> <span class='ocrx_word' id='word_1_22' title='bbox 1271 327 1546 374; x_wconf 83' lang='lat' dir='ltr'>Papirianus</span> 
     </span>
     <span class='ocr_line' id='line_1_6' title="bbox 1199 389 1533 433; baseline 0 -10"><span class='ocrx_word' id='word_1_23' title='bbox 1199 389 1429 433; x_wconf 60' lang='lat' dir='ltr'>nominatum</span> <span class='ocrx_word' id='word_1_24' title='bbox 1483 419 1487 422; x_wconf 88' lang='lat'><strong>.</strong></span> <span class='ocrx_word' id='word_1_25' title='bbox 1530 426 1533 428; x_wconf 68' lang='grc'>,</span> 
     </span>
     <span class='ocr_line' id='line_1_7' title="bbox 308 452 1156 495; baseline -0.001 -11"><span class='ocrx_word' id='word_1_26' title='bbox 308 452 384 491; x_wconf 82' lang='grc'>162,</span> <span class='ocrx_word' id='word_1_27' title='bbox 416 460 434 495; x_wconf 95' lang='lat'><em>7</em></span> <span class='ocrx_word' id='word_1_28' title='bbox 461 452 613 495; x_wconf 84' lang='lat' dir='ltr'>ignarus,</span> <span class='ocrx_word' id='word_1_29' title='bbox 641 452 788 495; x_wconf 88' lang='lat' dir='ltr'>ignotus</span> <span class='ocrx_word' id='word_1_30' title='bbox 1039 461 1095 495; x_wconf 94' lang='lat'>30,</span> <span class='ocrx_word' id='word_1_31' title='bbox 1124 463 1156 495; x_wconf 89' lang='lat'>9.</span> 
     </span>
    </p>
   </div>
   <div class='ocr_carea' id='block_1_4' title="bbox 116 545 1751 1854">
    <p class='ocr_par' dir='ltr' id='par_1_4' title="bbox 116 545 1751 956">
     <span class='ocr_line' id='line_1_8' title="bbox 234 545 1546 594; baseline -0.003 -13"><span class='ocrx_word' id='word_1_32' title='bbox 234 547 400 582; x_wconf 88' lang='lat' dir='ltr'>Genuina</span> <span class='ocrx_word' id='word_1_33' title='bbox 425 559 511 581; x_wconf 90' lang='lat' dir='ltr'>vero</span> <span class='ocrx_word' id='word_1_34' title='bbox 537 548 710 594; x_wconf 86' lang='lat' dir='ltr'>Papiriani</span> <span class='ocrx_word' id='word_1_35' title='bbox 735 548 807 582; x_wconf 92' lang='lat' dir='ltr'>duo</span> <span class='ocrx_word' id='word_1_36' title='bbox 834 548 981 582; x_wconf 89' lang='lat' dir='ltr'>frustula</span> <span class='ocrx_word' id='word_1_37' title='bbox 1005 548 1109 582; x_wconf 90' lang='lat' dir='ltr'>nobis</span> <span class='ocrx_word' id='word_1_38' title='bbox 1135 551 1277 580; x_wconf 83' lang='lat' dir='ltr'>servata</span> <span class='ocrx_word' id='word_1_39' title='bbox 1295 556 1373 579; x_wconf 85' lang='lat' dir='ltr'>esse</span> <span class='ocrx_word' id='word_1_40' title='bbox 1391 545 1546 587; x_wconf 83' lang='lat' dir='ltr'>arbitror</span> 
     </span>
     <span class='ocr_line' id='line_1_9' title="bbox 117 606 1546 655; baseline -0.001 -13"><span class='ocrx_word' id='word_1_41' title='bbox 117 620 209 655; x_wconf 91' lang='lat' dir='ltr'>quae</span> <span class='ocrx_word' id='word_1_42' title='bbox 234 614 318 654; x_wconf 92' lang='lat' dir='ltr'>post</span> <span class='ocrx_word' id='word_1_43' title='bbox 341 608 497 642; x_wconf 85' lang='lat' dir='ltr'>Keilium</span> <span class='ocrx_word' id='word_1_44' title='bbox 523 608 652 651; x_wconf 85' lang='lat' dir='ltr'>Hagen</span> <span class='ocrx_word' id='word_1_45' title='bbox 680 608 791 641; x_wconf 88' lang='lat' dir='ltr'>edidit</span> <span class='ocrx_word' id='word_1_46' title='bbox 826 609 860 642; x_wconf 91' lang='lat' dir='ltr'>in</span> <span class='ocrx_word' id='word_1_47' title='bbox 889 609 1011 642; x_wconf 86' lang='lat' dir='ltr'>anecd.</span> <span class='ocrx_word' id='word_1_48' title='bbox 1053 608 1192 642; x_wconf 89' lang='lat' dir='ltr'>Helvet.</span> <span class='ocrx_word' id='word_1_49' title='bbox 1229 621 1262 653; x_wconf 87' lang='lat' dir='ltr'>p.</span> <span class='ocrx_word' id='word_1_50' title='bbox 1300 606 1425 641; x_wconf 87' lang='lat' dir='ltr'>CCLII</span> <span class='ocrx_word' id='word_1_51' title='bbox 1467 618 1546 651; x_wconf 91' lang='lat' dir='ltr'>sqq.</span> 
     </span>
     <span class='ocr_line' id='line_1_10' title="bbox 119 666 1547 714; baseline -0.002 -12"><span class='ocrx_word' id='word_1_52' title='bbox 119 669 285 713; x_wconf 89' lang='lat' dir='ltr'>Quorum</span> <span class='ocrx_word' id='word_1_53' title='bbox 328 669 481 714; x_wconf 87' lang='lat' dir='ltr'>primum</span> <span class='ocrx_word' id='word_1_54' title='bbox 526 674 561 701; x_wconf 90' lang='lat' dir='ltr'>et</span> <span class='ocrx_word' id='word_1_55' title='bbox 597 668 741 701; x_wconf 89' lang='lat' dir='ltr'>tertium</span> <span class='ocrx_word' id='word_1_56' title='bbox 779 668 825 701; x_wconf 91' lang='lat' dir='ltr'>ad</span> <span class='ocrx_word' id='word_1_57' title='bbox 868 668 1162 714; x_wconf 85' lang='lat' dir='ltr'>orthographiam</span> <span class='ocrx_word' id='word_1_58' title='bbox 1202 667 1390 713; x_wconf 85' lang='lat' dir='ltr'>pertinent.</span> <span class='ocrx_word' id='word_1_59' title='bbox 1454 666 1547 699; x_wconf 87' lang='lat' dir='ltr'>Nam</span> 
     </span>
     <span class='ocr_line' id='line_1_11' title="bbox 116 716 1743 780; baseline -0.002 -17"><span class='ocrx_word' id='word_1_60' title='bbox 116 729 311 773; x_wconf 83' lang='lat' dir='ltr'>Hagenum</span> <span class='ocrx_word' id='word_1_61' title='bbox 336 729 409 763; x_wconf 89' lang='lat' dir='ltr'>iure</span> <span class='ocrx_word' id='word_1_62' title='bbox 434 728 622 762; x_wconf 86' lang='lat' dir='ltr'>adfirmare</span> <span class='ocrx_word' id='word_1_63' title='bbox 652 728 911 773; x_wconf 82' lang='lat' dir='ltr'>›Paperinum‹</span> <span class='ocrx_word' id='word_1_64' title='bbox 949 741 968 763; x_wconf 92' lang='lat' dir='ltr'>e</span> <span class='ocrx_word' id='word_1_65' title='bbox 1005 729 1233 780; x_wconf 76' lang='lat' dir='ltr'>›Papiriano‹</span> <span class='ocrx_word' id='word_1_66' title='bbox 1264 716 1342 761; x_wconf 85' lang='lat' dir='ltr'>esse</span> <span class='ocrx_word' id='word_1_67' title='bbox 1380 727 1548 772; x_wconf 90' lang='lat' dir='ltr'>deprava-</span> <span class='ocrx_word' id='word_1_68' title='bbox 1720 751 1743 769; x_wconf 16' lang='lat'>&gt;-</span> 
     </span>
     <span class='ocr_line' id='line_1_12' title="bbox 116 783 1751 834; baseline -0.001 -12"><span class='ocrx_word' id='word_1_69' title='bbox 116 794 193 822; x_wconf 91' lang='lat' dir='ltr'>turn</span> <span class='ocrx_word' id='word_1_70' title='bbox 219 789 301 822; x_wconf 90' lang='lat' dir='ltr'>inde</span> <span class='ocrx_word' id='word_1_71' title='bbox 326 789 411 822; x_wconf 90' lang='lat' dir='ltr'>satis</span> <span class='ocrx_word' id='word_1_72' title='bbox 436 788 579 833; x_wconf 90' lang='lat' dir='ltr'>probari</span> <span class='ocrx_word' id='word_1_73' title='bbox 606 788 724 828; x_wconf 88' lang='lat' dir='ltr'>credo,</span> <span class='ocrx_word' id='word_1_74' title='bbox 752 789 850 833; x_wconf 91' lang='lat' dir='ltr'>quod</span> <span class='ocrx_word' id='word_1_75' title='bbox 879 801 921 823; x_wconf 89' lang='lat' dir='ltr'>ea</span> <span class='ocrx_word' id='word_1_76' title='bbox 947 801 1040 834; x_wconf 92' lang='lat' dir='ltr'>quae</span> <span class='ocrx_word' id='word_1_77' title='bbox 1065 802 1098 834; x_wconf 89' lang='lat' dir='ltr'>p.</span> <span class='ocrx_word' id='word_1_78' title='bbox 1126 788 1250 822; x_wconf 87' lang='lat' dir='ltr'>CCLII</span> <span class='ocrx_word' id='word_1_79' title='bbox 1277 787 1363 830; x_wconf 87' lang='lat' dir='ltr'>srag.</span> <span class='ocrx_word' id='word_1_80' title='bbox 1401 787 1424 826; x_wconf 93' lang='lat' dir='ltr'>I,</span> <span class='ocrx_word' id='word_1_81' title='bbox 1457 788 1477 820; x_wconf 90' lang='lat'>8</span> <span class='ocrx_word' id='word_1_82' title='bbox 1505 787 1550 820; x_wconf 90' lang='lat' dir='ltr'>de</span> <span class='ocrx_word' id='word_1_83' title='bbox 1685 783 1751 827; x_wconf 49' lang='lat'>21,</span> 
     </span>
     <span class='ocr_line' id='line_1_13' title="bbox 117 837 1628 893; baseline -0.002 -10"><span class='ocrx_word' id='word_1_84' title='bbox 117 848 262 883; x_wconf 86' lang='lat' dir='ltr'>ultimae</span> <span class='ocrx_word' id='word_1_85' title='bbox 286 848 443 893; x_wconf 85' lang='lat' dir='ltr'>syllabae</span> <span class='ocrx_word' id='word_1_86' title='bbox 470 849 659 883; x_wconf 90' lang='lat' dir='ltr'>amissione</span> <span class='ocrx_word' id='word_1_87' title='bbox 685 849 720 882; x_wconf 93' lang='lat' dir='ltr'>in</span> <span class='ocrx_word' id='word_1_88' title='bbox 744 849 923 884; x_wconf 89' lang='lat' dir='ltr'>adverbiis</span> <span class='ocrx_word' id='word_1_89' title='bbox 952 850 1063 884; x_wconf 77' lang='lat' dir='ltr'>»istoc</span> <span class='ocrx_word' id='word_1_90' title='bbox 1088 848 1167 883; x_wconf 89' lang='lat' dir='ltr'>illoc</span> <span class='ocrx_word' id='word_1_91' title='bbox 1201 849 1309 882; x_wconf 76' lang='lat' dir='ltr'>istac»</span> <span class='ocrx_word' id='word_1_92' title='bbox 1348 852 1435 890; x_wconf 87' lang='lat' dir='ltr'>etcc.</span> <span class='ocrx_word' id='word_1_93' title='bbox 1471 857 1549 892; x_wconf 90' lang='lat' dir='ltr'>pro·</span> <span class='ocrx_word' id='word_1_94' title='bbox 1624 837 1628 840; x_wconf 48' lang='grc'><strong><em>’</em></strong></span> 
     </span>
     <span class='ocr_line' id='line_1_14' title="bbox 118 909 1137 956; baseline 0.001 -14"><span class='ocrx_word' id='word_1_95' title='bbox 118 909 278 943; x_wconf 87' lang='lat' dir='ltr'>feruntur</span> <span class='ocrx_word' id='word_1_96' title='bbox 303 920 323 942; x_wconf 93' lang='lat' dir='ltr'>a</span> <span class='ocrx_word' id='word_1_97' title='bbox 350 910 453 942; x_wconf 86' lang='lat' dir='ltr'>Prisc.</span> <span class='ocrx_word' id='word_1_98' title='bbox 481 910 496 942; x_wconf 94' lang='lat' dir='ltr'>I</span> <span class='ocrx_word' id='word_1_99' title='bbox 525 917 603 952; x_wconf 85' lang='lat'>593,</span> <span class='ocrx_word' id='word_1_100' title='bbox 639 919 681 951; x_wconf 90' lang='lat'>14</span> <span class='ocrx_word' id='word_1_101' title='bbox 707 910 897 954; x_wconf 82' lang='lat' dir='ltr'>Papiriano</span> <span class='ocrx_word' id='word_1_102' title='bbox 922 910 1137 956; x_wconf 86' lang='lat' dir='ltr'>inputantur.</span> 
     </span>
    </p>

    <p class='ocr_par' dir='ltr' id='par_1_5' title="bbox 116 969 1603 1854">
     <span class='ocr_line' id='line_1_15' title="bbox 235 969 1603 1014; baseline 0 -13"><span class='ocrx_word' id='word_1_103' title='bbox 235 969 309 1001; x_wconf 90' lang='lat' dir='ltr'>Iam</span> <span class='ocrx_word' id='word_1_104' title='bbox 334 979 421 1001; x_wconf 92' lang='lat' dir='ltr'>vero</span> <span class='ocrx_word' id='word_1_105' title='bbox 448 980 661 1014; x_wconf 84' lang='lat' dir='ltr'>quaeramus</span> <span class='ocrx_word' id='word_1_106' title='bbox 686 980 779 1014; x_wconf 91' lang='lat' dir='ltr'>quae</span> <span class='ocrx_word' id='word_1_107' title='bbox 816 970 850 1002; x_wconf 92' lang='lat' dir='ltr'>in</span> <span class='ocrx_word' id='word_1_108' title='bbox 884 971 898 1004; x_wconf 92' lang='grc' dir='ltr'>Ι</span> <span class='ocrx_word' id='word_1_109' title='bbox 933 970 1195 1004; x_wconf 85' lang='lat' dir='ltr'>institutionum</span> <span class='ocrx_word' id='word_1_110' title='bbox 1227 969 1317 1002; x_wconf 92' lang='lat' dir='ltr'>libro</span> <span class='ocrx_word' id='word_1_111' title='bbox 1344 972 1484 1014; x_wconf 88' lang='lat' dir='ltr'>praeter</span> <span class='ocrx_word' id='word_1_112' title='bbox 1509 978 1551 1001; x_wconf 85' lang='lat' dir='ltr'>ea</span> <span class='ocrx_word' id='word_1_113' title='bbox 1601 974 1603 977; x_wconf 62' lang='lat'><em>⁴</em></span> 
     </span>
     <span class='ocr_line' id='line_1_16' title="bbox 119 1029 1551 1076; baseline -0.001 -13"><span class='ocrx_word' id='word_1_114' title='bbox 119 1041 213 1076; x_wconf 89' lang='lat' dir='ltr'>quae</span> <span class='ocrx_word' id='word_1_115' title='bbox 239 1029 394 1063; x_wconf 89' lang='lat' dir='ltr'>indicata</span> <span class='ocrx_word' id='word_1_116' title='bbox 419 1035 502 1063; x_wconf 92' lang='lat' dir='ltr'>sunt</span> <span class='ocrx_word' id='word_1_117' title='bbox 534 1029 690 1063; x_wconf 88' lang='lat' dir='ltr'>Pliniana</span> <span class='ocrx_word' id='word_1_118' title='bbox 715 1041 778 1074; x_wconf 91' lang='lat' dir='ltr'>per</span> <span class='ocrx_word' id='word_1_119' title='bbox 801 1030 1027 1076; x_wconf 86' lang='lat' dir='ltr'>Papirianum</span> <span class='ocrx_word' id='word_1_120' title='bbox 1054 1031 1099 1064; x_wconf 89' lang='lat' dir='ltr'>ad</span> <span class='ocrx_word' id='word_1_121' title='bbox 1131 1030 1349 1064; x_wconf 89' lang='lat' dir='ltr'>Priscianum</span> <span class='ocrx_word' id='word_1_122' title='bbox 1383 1038 1551 1073; x_wconf 75' lang='lat' dir='ltr'>pervene-</span> 
     </span>
     <span class='ocr_line' id='line_1_17' title="bbox 116 1088 1552 1135; baseline -0.001 -13"><span class='ocrx_word' id='word_1_123' title='bbox 116 1090 197 1124; x_wconf 86' lang='lat' dir='ltr'>rint.</span> <span class='ocrx_word' id='word_1_124' title='bbox 227 1110 272 1114; x_wconf 87' lang='lat'>—-</span> <span class='ocrx_word' id='word_1_125' title='bbox 300 1090 394 1122; x_wconf 89' lang='lat' dir='ltr'>Rara</span> <span class='ocrx_word' id='word_1_126' title='bbox 419 1090 565 1134; x_wconf 90' lang='lat' dir='ltr'>quidem</span> <span class='ocrx_word' id='word_1_127' title='bbox 591 1094 627 1122; x_wconf 85' lang='lat' dir='ltr'>et</span> <span class='ocrx_word' id='word_1_128' title='bbox 652 1090 795 1122; x_wconf 87' lang='lat' dir='ltr'>subtilia</span> <span class='ocrx_word' id='word_1_129' title='bbox 813 1096 895 1123; x_wconf 91' lang='lat' dir='ltr'>sunt</span> <span class='ocrx_word' id='word_1_130' title='bbox 922 1102 1014 1135; x_wconf 87' lang='lat' dir='ltr'>quae</span> <span class='ocrx_word' id='word_1_131' title='bbox 1038 1090 1168 1123; x_wconf 90' lang='lat' dir='ltr'>Plinius</span> <span class='ocrx_word' id='word_1_132' title='bbox 1187 1101 1220 1134; x_wconf 87' lang='lat' dir='ltr'>p.</span> <span class='ocrx_word' id='word_1_133' title='bbox 1249 1097 1305 1131; x_wconf 87' lang='lat'>29,</span> <span class='ocrx_word' id='word_1_134' title='bbox 1325 1097 1348 1130; x_wconf 90' lang='lat'>9</span> <span class='ocrx_word' id='word_1_135' title='bbox 1368 1088 1412 1121; x_wconf 92' lang='lat' dir='ltr'>de</span> <span class='ocrx_word' id='word_1_136' title='bbox 1430 1088 1552 1121; x_wconf 88' lang='lat' dir='ltr'>literae</span> 
     </span>
     <span class='ocr_line' id='line_1_18' title="bbox 118 1146 1552 1194; baseline -0.001 -12"><span class='ocrx_word' id='word_1_137' title='bbox 118 1149 128 1182; x_wconf 90' lang='lat'>1</span> <span class='ocrx_word' id='word_1_138' title='bbox 155 1149 303 1182; x_wconf 88' lang='lat' dir='ltr'>diversis</span> <span class='ocrx_word' id='word_1_139' title='bbox 328 1149 425 1182; x_wconf 85' lang='lat' dir='ltr'>sonis</span> <span class='ocrx_word' id='word_1_140' title='bbox 453 1149 570 1182; x_wconf 89' lang='lat' dir='ltr'>docet.</span> <span class='ocrx_word' id='word_1_141' title='bbox 621 1149 767 1182; x_wconf 83' lang='lat' dir='ltr'>Prorsus</span> <span class='ocrx_word' id='word_1_142' title='bbox 786 1154 907 1183; x_wconf 88' lang='lat' dir='ltr'>autem</span> <span class='ocrx_word' id='word_1_143' title='bbox 927 1150 1072 1184; x_wconf 89' lang='lat' dir='ltr'>easdem</span> <span class='ocrx_word' id='word_1_144' title='bbox 1097 1149 1251 1194; x_wconf 86' lang='lat' dir='ltr'>argutias</span> <span class='ocrx_word' id='word_1_145' title='bbox 1269 1159 1355 1194; x_wconf 89' lang='lat' dir='ltr'>prae</span> <span class='ocrx_word' id='word_1_146' title='bbox 1371 1159 1410 1181; x_wconf 90' lang='lat' dir='ltr'>se</span> <span class='ocrx_word' id='word_1_147' title='bbox 1437 1146 1552 1181; x_wconf 85' lang='lat' dir='ltr'>serunt</span> 
     </span>
     <span class='ocr_line' id='line_1_19' title="bbox 118 1206 1550 1255; baseline -0.001 -13"><span class='ocrx_word' id='word_1_148' title='bbox 118 1220 213 1255; x_wconf 88' lang='lat' dir='ltr'>quae</span> <span class='ocrx_word' id='word_1_149' title='bbox 239 1209 284 1242; x_wconf 89' lang='lat' dir='ltr'>de</span> <span class='ocrx_word' id='word_1_150' title='bbox 310 1220 345 1242; x_wconf 93' lang='lat' dir='ltr'>m</span> <span class='ocrx_word' id='word_1_151' title='bbox 373 1214 409 1242; x_wconf 87' lang='lat' dir='ltr'>et</span> <span class='ocrx_word' id='word_1_152' title='bbox 436 1220 458 1242; x_wconf 92' lang='lat' dir='ltr'>n</span> <span class='ocrx_word' id='word_1_153' title='bbox 484 1220 724 1242; x_wconf 89' lang='lat' dir='ltr'>consonarum</span> <span class='ocrx_word' id='word_1_154' title='bbox 758 1211 1001 1244; x_wconf 87' lang='lat' dir='ltr'>enuntiatione</span> <span class='ocrx_word' id='word_1_155' title='bbox 1026 1223 1059 1255; x_wconf 89' lang='lat' dir='ltr'>p.</span> <span class='ocrx_word' id='word_1_156' title='bbox 1100 1219 1156 1252; x_wconf 90' lang='lat'>29,</span> <span class='ocrx_word' id='word_1_157' title='bbox 1195 1216 1247 1252; x_wconf 86' lang='lat'>15.</span> <span class='ocrx_word' id='word_1_158' title='bbox 1286 1218 1341 1251; x_wconf 92' lang='lat'>30,</span> <span class='ocrx_word' id='word_1_159' title='bbox 1382 1216 1401 1251; x_wconf 93' lang='lat'><strong><em>7</em></strong></span> <span class='ocrx_word' id='word_1_160' title='bbox 1437 1206 1550 1252; x_wconf 86' lang='lat' dir='ltr'>profe-</span> 
     </span>
     <span class='ocr_line' id='line_1_20' title="bbox 117 1268 1553 1314; baseline -0.001 -12"><span class='ocrx_word' id='word_1_161' title='bbox 117 1274 252 1304; x_wconf 87' lang='lat' dir='ltr'>runtur.</span> <span class='ocrx_word' id='word_1_162' title='bbox 305 1269 407 1312; x_wconf 82' lang='lat' dir='ltr'>Quae</span> <span class='ocrx_word' id='word_1_163' title='bbox 431 1269 542 1302; x_wconf 91' lang='lat' dir='ltr'>Plinio</span> <span class='ocrx_word' id='word_1_164' title='bbox 569 1280 613 1302; x_wconf 90' lang='lat' dir='ltr'>eo</span> <span class='ocrx_word' id='word_1_165' title='bbox 640 1269 786 1309; x_wconf 85' lang='lat' dir='ltr'>maiore,</span> <span class='ocrx_word' id='word_1_166' title='bbox 814 1270 934 1309; x_wconf 86' lang='lat' dir='ltr'>credo,</span> <span class='ocrx_word' id='word_1_167' title='bbox 962 1270 1035 1303; x_wconf 90' lang='lat' dir='ltr'>iure</span> <span class='ocrx_word' id='word_1_168' title='bbox 1069 1269 1218 1313; x_wconf 88' lang='lat' dir='ltr'>adsigno</span> <span class='ocrx_word' id='word_1_169' title='bbox 1253 1279 1325 1314; x_wconf 90' lang='lat' dir='ltr'>quo</span> <span class='ocrx_word' id='word_1_170' title='bbox 1351 1280 1386 1313; x_wconf 89' lang='lat' dir='ltr'>p.</span> <span class='ocrx_word' id='word_1_171' title='bbox 1421 1276 1479 1310; x_wconf 89' lang='lat'>29,</span> <span class='ocrx_word' id='word_1_172' title='bbox 1512 1268 1553 1300; x_wconf 91' lang='lat'>18</span> 
     </span>
     <span class='ocr_line' id='line_1_21' title="bbox 118 1329 1597 1374; baseline -0.002 -10"><span class='ocrx_word' id='word_1_173' title='bbox 118 1335 155 1364; x_wconf 89' lang='lat' dir='ltr'>et</span> <span class='ocrx_word' id='word_1_174' title='bbox 183 1338 237 1371; x_wconf 81' lang='lat'>31,</span> <span class='ocrx_word' id='word_1_175' title='bbox 269 1338 288 1363; x_wconf 91' lang='lat'>2</span> <span class='ocrx_word' id='word_1_176' title='bbox 317 1330 392 1362; x_wconf 90' lang='lat' dir='ltr'>eius</span> <span class='ocrx_word' id='word_1_177' title='bbox 419 1340 551 1362; x_wconf 89' lang='lat' dir='ltr'>nomen</span> <span class='ocrx_word' id='word_1_178' title='bbox 578 1334 703 1363; x_wconf 84' lang='lat' dir='ltr'>exstat.</span> <span class='ocrx_word' id='word_1_179' title='bbox 758 1329 809 1363; x_wconf 91' lang='lat' dir='ltr'>At</span> <span class='ocrx_word' id='word_1_180' title='bbox 834 1330 1072 1364; x_wconf 87' lang='lat' dir='ltr'>dubitaverim</span> <span class='ocrx_word' id='word_1_181' title='bbox 1098 1330 1192 1363; x_wconf 89' lang='lat' dir='ltr'>idem</span> <span class='ocrx_word' id='word_1_182' title='bbox 1219 1330 1264 1363; x_wconf 93' lang='lat' dir='ltr'>de</span> <span class='ocrx_word' id='word_1_183' title='bbox 1298 1340 1315 1362; x_wconf 93' lang='lat' dir='ltr'>s</span> <span class='ocrx_word' id='word_1_184' title='bbox 1349 1329 1422 1373; x_wconf 89' lang='lat'>(32,</span> <span class='ocrx_word' id='word_1_185' title='bbox 1463 1330 1493 1374; x_wconf 91' lang='lat'>1)</span> <span class='ocrx_word' id='word_1_186' title='bbox 1517 1332 1554 1361; x_wconf 91' lang='lat' dir='ltr'>et</span> <span class='ocrx_word' id='word_1_187' title='bbox 1595 1346 1597 1348; x_wconf 97' lang='lat'>·</span> 
     </span>
     <span class='ocr_line' id='line_1_22' title="bbox 120 1387 1552 1435; baseline -0.001 -12"><span class='ocrx_word' id='word_1_188' title='bbox 120 1402 142 1423; x_wconf 94' lang='lat' dir='ltr'>u</span> <span class='ocrx_word' id='word_1_189' title='bbox 168 1390 238 1433; x_wconf 86' lang='lat'>(28,</span> <span class='ocrx_word' id='word_1_190' title='bbox 277 1391 313 1435; x_wconf 91' lang='lat'>9)</span> <span class='ocrx_word' id='word_1_191' title='bbox 345 1389 418 1422; x_wconf 88' lang='lat' dir='ltr'>vim</span> <span class='ocrx_word' id='word_1_192' title='bbox 450 1389 698 1423; x_wconf 87' lang='lat' dir='ltr'>amittentibus</span> <span class='ocrx_word' id='word_1_193' title='bbox 738 1401 853 1435; x_wconf 87' lang='lat' dir='ltr'>aeque</span> <span class='ocrx_word' id='word_1_194' title='bbox 892 1389 1115 1424; x_wconf 87' lang='lat' dir='ltr'>confidenter</span> <span class='ocrx_word' id='word_1_195' title='bbox 1152 1390 1373 1427; x_wconf 84' lang='lat' dir='ltr'>adseverare.</span> <span class='ocrx_word' id='word_1_196' title='bbox 1414 1387 1552 1422; x_wconf 89' lang='lat' dir='ltr'>etiamsi</span> 
     </span>
     <span class='ocr_line' id='line_1_23' title="bbox 119 1448 1555 1495; baseline -0.001 -12"><span class='ocrx_word' id='word_1_197' title='bbox 119 1450 295 1495; x_wconf 89' lang='lat' dir='ltr'>posterior</span> <span class='ocrx_word' id='word_1_198' title='bbox 318 1449 418 1483; x_wconf 92' lang='lat' dir='ltr'>locus</span> <span class='ocrx_word' id='word_1_199' title='bbox 445 1460 527 1483; x_wconf 93' lang='lat' dir='ltr'>cum</span> <span class='ocrx_word' id='word_1_200' title='bbox 554 1462 586 1495; x_wconf 92' lang='lat' dir='ltr'>p.</span> <span class='ocrx_word' id='word_1_201' title='bbox 629 1458 685 1493; x_wconf 91' lang='lat'>27,</span> <span class='ocrx_word' id='word_1_202' title='bbox 719 1459 743 1493; x_wconf 89' lang='lat'>9</span> <span class='ocrx_word' id='word_1_203' title='bbox 774 1461 852 1495; x_wconf 87' lang='lat' dir='ltr'>sqq.</span> <span class='ocrx_word' id='word_1_204' title='bbox 887 1462 974 1484; x_wconf 89' lang='lat' dir='ltr'>sane</span> <span class='ocrx_word' id='word_1_205' title='bbox 1005 1450 1182 1486; x_wconf 84' lang='lat' dir='ltr'>cohaeret.</span> <span class='ocrx_word' id='word_1_206' title='bbox 1234 1450 1337 1492; x_wconf 83' lang='lat' dir='ltr'>Quae</span> <span class='ocrx_word' id='word_1_207' title='bbox 1374 1459 1460 1483; x_wconf 91' lang='lat' dir='ltr'>vero</span> <span class='ocrx_word' id='word_1_208' title='bbox 1496 1448 1555 1482; x_wconf 92' lang='lat' dir='ltr'>hic</span> 
     </span>
     <span class='ocr_line' id='line_1_24' title="bbox 124 1508 1555 1554; baseline -0.001 -11"><span class='ocrx_word' id='word_1_209' title='bbox 124 1510 169 1543; x_wconf 90' lang='lat' dir='ltr'>de</span> <span class='ocrx_word' id='word_1_210' title='bbox 195 1521 215 1542; x_wconf 93' lang='lat' dir='ltr'>u</span> <span class='ocrx_word' id='word_1_211' title='bbox 243 1515 278 1542; x_wconf 92' lang='lat' dir='ltr'>et</span> <span class='ocrx_word' id='word_1_212' title='bbox 303 1521 325 1542; x_wconf 95' lang='lat' dir='ltr'>o</span> <span class='ocrx_word' id='word_1_213' title='bbox 350 1510 515 1542; x_wconf 90' lang='lat' dir='ltr'>dicuntur</span> <span class='ocrx_word' id='word_1_214' title='bbox 539 1514 686 1554; x_wconf 88' lang='lat' dir='ltr'>propter</span> <span class='ocrx_word' id='word_1_215' title='bbox 703 1514 917 1542; x_wconf 87' lang='lat' dir='ltr'>concentum</span> <span class='ocrx_word' id='word_1_216' title='bbox 943 1510 1159 1543; x_wconf 86' lang='lat' dir='ltr'>artissimum</span> <span class='ocrx_word' id='word_1_217' title='bbox 1186 1521 1268 1543; x_wconf 90' lang='lat' dir='ltr'>cum</span> <span class='ocrx_word' id='word_1_218' title='bbox 1296 1522 1329 1553; x_wconf 85' lang='lat' dir='ltr'>p.</span> <span class='ocrx_word' id='word_1_219' title='bbox 1356 1509 1412 1548; x_wconf 88' lang='lat'>26,</span> <span class='ocrx_word' id='word_1_220' title='bbox 1433 1508 1474 1541; x_wconf 90' lang='lat'>16</span> <span class='ocrx_word' id='word_1_221' title='bbox 1491 1508 1555 1541; x_wconf 84' lang='lat' dir='ltr'>Pli-</span> 
     </span>
     <span class='ocr_line' id='line_1_25' title="bbox 122 1569 1553 1615; baseline -0.001 -13"><span class='ocrx_word' id='word_1_222' title='bbox 122 1570 227 1603; x_wconf 89' lang='lat' dir='ltr'>niana</span> <span class='ocrx_word' id='word_1_223' title='bbox 253 1580 331 1603; x_wconf 89' lang='lat' dir='ltr'>esse</span> <span class='ocrx_word' id='word_1_224' title='bbox 357 1580 422 1615; x_wconf 92' lang='lat' dir='ltr'>pro</span> <span class='ocrx_word' id='word_1_225' title='bbox 447 1574 545 1603; x_wconf 74' lang='lat' dir='ltr'>certo</span> <span class='ocrx_word' id='word_1_226' title='bbox 569 1569 697 1603; x_wconf 90' lang='lat' dir='ltr'>habeo.</span> <span class='ocrx_word' id='word_1_227' title='bbox 753 1569 955 1615; x_wconf 85' lang='lat' dir='ltr'>Eidemque</span> <span class='ocrx_word' id='word_1_228' title='bbox 993 1570 1166 1604; x_wconf 89' lang='lat' dir='ltr'>Varronis</span> <span class='ocrx_word' id='word_1_229' title='bbox 1191 1570 1403 1604; x_wconf 89' lang='lat' dir='ltr'>memoriam</span> <span class='ocrx_word' id='word_1_230' title='bbox 1430 1581 1462 1615; x_wconf 92' lang='lat' dir='ltr'>p.</span> <span class='ocrx_word' id='word_1_231' title='bbox 1495 1576 1553 1610; x_wconf 84' lang='lat'>30,</span> 
     </span>
     <span class='ocr_line' id='line_1_26' title="bbox 126 1628 1554 1674; baseline -0.001 -13"><span class='ocrx_word' id='word_1_232' title='bbox 126 1636 165 1671; x_wconf 86' lang='lat'>15</span> <span class='ocrx_word' id='word_1_233' title='bbox 196 1630 285 1662; x_wconf 87' lang='lat' dir='ltr'>inter</span> <span class='ocrx_word' id='word_1_234' title='bbox 308 1629 465 1662; x_wconf 88' lang='lat' dir='ltr'>Pliniana</span> <span class='ocrx_word' id='word_1_235' title='bbox 489 1629 713 1662; x_wconf 88' lang='lat' dir='ltr'>conlocatam</span> <span class='ocrx_word' id='word_1_236' title='bbox 741 1629 864 1662; x_wconf 88' lang='lat' dir='ltr'>deberi</span> <span class='ocrx_word' id='word_1_237' title='bbox 894 1629 1218 1674; x_wconf 86' lang='lat' dir='ltr'>probabilissimum</span> <span class='ocrx_word' id='word_1_238' title='bbox 1245 1634 1309 1668; x_wconf 90' lang='lat' dir='ltr'>est,</span> <span class='ocrx_word' id='word_1_239' title='bbox 1345 1628 1554 1674; x_wconf 86' lang='lat' dir='ltr'>praesertim</span> 
     </span>
     <span class='ocr_line' id='line_1_27' title="bbox 121 1688 1554 1735; baseline -0.001 -13"><span class='ocrx_word' id='word_1_240' title='bbox 121 1699 202 1722; x_wconf 91' lang='lat' dir='ltr'>cum</span> <span class='ocrx_word' id='word_1_241' title='bbox 228 1700 262 1734; x_wconf 88' lang='lat' dir='ltr'>p.</span> <span class='ocrx_word' id='word_1_242' title='bbox 291 1697 346 1731; x_wconf 89' lang='lat'>29,</span> <span class='ocrx_word' id='word_1_243' title='bbox 380 1689 421 1722; x_wconf 92' lang='lat'>18</span> <span class='ocrx_word' id='word_1_244' title='bbox 456 1688 586 1721; x_wconf 88' lang='lat' dir='ltr'>Plinius</span> <span class='ocrx_word' id='word_1_245' title='bbox 618 1688 663 1721; x_wconf 90' lang='lat' dir='ltr'>de</span> <span class='ocrx_word' id='word_1_246' title='bbox 698 1700 789 1721; x_wconf 89' lang='lat' dir='ltr'>voce</span> <span class='ocrx_word' id='word_1_247' title='bbox 826 1700 998 1735; x_wconf 83' lang='lat' dir='ltr'>›anceps‹</span> <span class='ocrx_word' id='word_1_248' title='bbox 1036 1689 1070 1722; x_wconf 90' lang='lat' dir='ltr'>in</span> <span class='ocrx_word' id='word_1_249' title='bbox 1109 1689 1353 1722; x_wconf 90' lang='lat' dir='ltr'>testimonium</span> <span class='ocrx_word' id='word_1_250' title='bbox 1396 1692 1554 1722; x_wconf 89' lang='lat' dir='ltr'>vocetur.</span> 
     </span>
     <span class='ocr_line' id='line_1_28' title="bbox 121 1749 1553 1795; baseline -0.001 -12"><span class='ocrx_word' id='word_1_251' title='bbox 121 1750 288 1795; x_wconf 90' lang='lat' dir='ltr'>Denique</span> <span class='ocrx_word' id='word_1_252' title='bbox 316 1760 388 1782; x_wconf 93' lang='lat' dir='ltr'>non</span> <span class='ocrx_word' id='word_1_253' title='bbox 415 1749 545 1783; x_wconf 91' lang='lat' dir='ltr'>desunt</span> <span class='ocrx_word' id='word_1_254' title='bbox 571 1760 665 1794; x_wconf 87' lang='lat' dir='ltr'>quae</span> <span class='ocrx_word' id='word_1_255' title='bbox 699 1749 841 1782; x_wconf 89' lang='lat' dir='ltr'>aliunde</span> <span class='ocrx_word' id='word_1_256' title='bbox 876 1755 915 1783; x_wconf 91' lang='lat' dir='ltr'>ut</span> <span class='ocrx_word' id='word_1_257' title='bbox 948 1750 1105 1783; x_wconf 89' lang='lat' dir='ltr'>Pliniana</span> <span class='ocrx_word' id='word_1_258' title='bbox 1135 1750 1281 1793; x_wconf 88' lang='lat' dir='ltr'>cognita</span> <span class='ocrx_word' id='word_1_259' title='bbox 1314 1749 1349 1782; x_wconf 91' lang='lat' dir='ltr'>in</span> <span class='ocrx_word' id='word_1_260' title='bbox 1386 1759 1553 1794; x_wconf 86' lang='lat' dir='ltr'>conpara-</span> 
     </span>
     <span class='ocr_line' id='line_1_29' title="bbox 120 1808 892 1854; baseline 0.001 -13"><span class='ocrx_word' id='word_1_261' title='bbox 120 1809 257 1842; x_wconf 90' lang='lat' dir='ltr'>tionem</span> <span class='ocrx_word' id='word_1_262' title='bbox 283 1809 412 1841; x_wconf 91' lang='lat' dir='ltr'>adduci</span> <span class='ocrx_word' id='word_1_263' title='bbox 440 1809 587 1854; x_wconf 89' lang='lat' dir='ltr'>possint.</span> <span class='ocrx_word' id='word_1_264' title='bbox 639 1808 773 1842; x_wconf 87' lang='lat' dir='ltr'>Confer</span> <span class='ocrx_word' id='word_1_265' title='bbox 798 1809 892 1842; x_wconf 90' lang='lat' dir='ltr'>enim</span> 
     </span>
    </p>
   </div>
   <div class='ocr_carea' id='block_1_5' title="bbox 1641 1113 1751 1676">
    <p class='ocr_par' dir='ltr' id='par_1_6' title="bbox 1641 1113 1751 1676">
     <span class='ocr_line' id='line_1_30' title="bbox 1641 1113 1751 1676; baseline 0 1074"><span class='ocrx_word' id='word_1_266' title='bbox 1641 1113 1751 1676; x_wconf 95' lang='lat' dir='ltr'> </span> 
     </span>
    </p>
   </div>
   <div class='ocr_carea' id='block_1_6' title="bbox 356 1880 1263 2043">
    <p class='ocr_par' dir='ltr' id='par_1_7' title="bbox 356 1880 1263 2043">
     <span class='ocr_line' id='line_1_31' title="bbox 356 1880 1247 1925; baseline 0.002 -12"><span class='ocrx_word' id='word_1_267' title='bbox 356 1880 461 1916; x_wconf 86' lang='lat' dir='ltr'>Prisc.</span> <span class='ocrx_word' id='word_1_268' title='bbox 491 1894 523 1925; x_wconf 88' lang='lat' dir='ltr'>p.</span> <span class='ocrx_word' id='word_1_269' title='bbox 548 1890 603 1924; x_wconf 92' lang='lat'>27,</span> <span class='ocrx_word' id='word_1_270' title='bbox 638 1891 649 1914; x_wconf 92' lang='lat'>1</span> <span class='ocrx_word' id='word_1_271' title='bbox 680 1880 824 1915; x_wconf 87' lang='lat' dir='ltr'>frundes</span> <span class='ocrx_word' id='word_1_272' title='bbox 852 1893 932 1915; x_wconf 90' lang='lat' dir='ltr'>cum</span> <span class='ocrx_word' id='word_1_273' title='bbox 958 1881 1059 1915; x_wconf 91' lang='lat' dir='ltr'>Char.</span> <span class='ocrx_word' id='word_1_274' title='bbox 1096 1891 1172 1924; x_wconf 87' lang='lat'>130,</span> <span class='ocrx_word' id='word_1_275' title='bbox 1202 1891 1247 1925; x_wconf 90' lang='lat'>29</span> 
     </span>
     <span class='ocr_line' id='line_1_32' title="bbox 561 1940 1228 1983; baseline 0.001 -11"><span class='ocrx_word' id='word_1_276' title='bbox 561 1960 604 1965; x_wconf 44' lang='lat'>*—</span> <span class='ocrx_word' id='word_1_277' title='bbox 636 1948 653 1981; x_wconf 89' lang='lat'>3</span> <span class='ocrx_word' id='word_1_278' title='bbox 683 1940 771 1973; x_wconf 83' lang='lat' dir='ltr'>fretu</span> <span class='ocrx_word' id='word_1_279' title='bbox 1099 1949 1176 1983; x_wconf 90' lang='lat'>129,</span> <span class='ocrx_word' id='word_1_280' title='bbox 1204 1941 1228 1973; x_wconf 90' lang='lat'><strong>6</strong></span> 
     </span>
     <span class='ocr_line' id='line_1_33' title="bbox 551 2002 1263 2043; baseline 0.001 -10"><span class='ocrx_word' id='word_1_281' title='bbox 551 2008 605 2042; x_wconf 82' lang='lat'>31,</span> <span class='ocrx_word' id='word_1_282' title='bbox 634 2010 668 2043; x_wconf 89' lang='lat'>4.</span> <span class='ocrx_word' id='word_1_283' title='bbox 701 2010 743 2034; x_wconf 92' lang='lat'>10</span> <span class='ocrx_word' id='word_1_284' title='bbox 769 2011 826 2040; x_wconf 81' lang='lat' dir='ltr'>on,</span> <span class='ocrx_word' id='word_1_285' title='bbox 855 2012 914 2034; x_wconf 90' lang='lat' dir='ltr'>um</span> <span class='ocrx_word' id='word_1_286' title='bbox 1101 2002 1177 2040; x_wconf 88' lang='lat'>118,</span> <span class='ocrx_word' id='word_1_287' title='bbox 1209 2010 1263 2034; x_wconf 88' lang='lat'>21.</span> 
     </span>
    </p>
   </div>
   <div class='ocr_carea' id='block_1_7' title="bbox 119 2071 1565 2486">
    <p class='ocr_par' dir='ltr' id='par_1_8' title="bbox 122 2071 1554 2178">
     <span class='ocr_line' id='line_1_34' title="bbox 239 2071 1554 2118; baseline 0.001 -14"><span class='ocrx_word' id='word_1_288' title='bbox 239 2071 343 2114; x_wconf 90' lang='lat' dir='ltr'>Quae</span> <span class='ocrx_word' id='word_1_289' title='bbox 371 2072 405 2104; x_wconf 89' lang='lat' dir='ltr'>in</span> <span class='ocrx_word' id='word_1_290' title='bbox 432 2072 637 2105; x_wconf 90' lang='lat' dir='ltr'>universum</span> <span class='ocrx_word' id='word_1_291' title='bbox 663 2072 917 2106; x_wconf 85' lang='lat' dir='ltr'>tantummodo</span> <span class='ocrx_word' id='word_1_292' title='bbox 942 2072 1140 2112; x_wconf 86' lang='lat' dir='ltr'>concinere,</span> <span class='ocrx_word' id='word_1_293' title='bbox 1168 2072 1253 2118; x_wconf 89' lang='lat' dir='ltr'>quia</span> <span class='ocrx_word' id='word_1_294' title='bbox 1278 2083 1350 2106; x_wconf 89' lang='lat' dir='ltr'>non</span> <span class='ocrx_word' id='word_1_295' title='bbox 1375 2083 1395 2105; x_wconf 87' lang='lat' dir='ltr'>e</span> <span class='ocrx_word' id='word_1_296' title='bbox 1430 2072 1554 2117; x_wconf 90' lang='lat' dir='ltr'>prima·</span> 
     </span>
     <span class='ocr_line' id='line_1_35' title="bbox 122 2131 1083 2178; baseline -0.001 -12"><span class='ocrx_word' id='word_1_297' title='bbox 122 2133 178 2166; x_wconf 90' lang='lat' dir='ltr'>rio</span> <span class='ocrx_word' id='word_1_298' title='bbox 204 2132 304 2166; x_wconf 83' lang='lat' dir='ltr'>fonte</span> <span class='ocrx_word' id='word_1_299' title='bbox 329 2131 455 2165; x_wconf 86' lang='lat' dir='ltr'>hausta</span> <span class='ocrx_word' id='word_1_300' title='bbox 481 2138 573 2172; x_wconf 90' lang='lat' dir='ltr'>sunt,</span> <span class='ocrx_word' id='word_1_301' title='bbox 602 2144 674 2166; x_wconf 90' lang='lat' dir='ltr'>non</span> <span class='ocrx_word' id='word_1_302' title='bbox 701 2138 754 2166; x_wconf 88' lang='lat' dir='ltr'>est</span> <span class='ocrx_word' id='word_1_303' title='bbox 782 2133 878 2178; x_wconf 90' lang='lat' dir='ltr'>quod</span> <span class='ocrx_word' id='word_1_304' title='bbox 907 2133 1083 2166; x_wconf 90' lang='lat' dir='ltr'>miremur.</span> 
     </span>
    </p>

    <p class='ocr_par' dir='ltr' id='par_1_9' title="bbox 119 2192 1565 2486">
     <span class='ocr_line' id='line_1_36' title="bbox 238 2192 1555 2239; baseline 0.002 -14"><span class='ocrx_word' id='word_1_305' title='bbox 238 2192 295 2226; x_wconf 89' lang='lat' dir='ltr'>De</span> <span class='ocrx_word' id='word_1_306' title='bbox 332 2192 460 2225; x_wconf 88' lang='lat' dir='ltr'>ceteris</span> <span class='ocrx_word' id='word_1_307' title='bbox 498 2193 760 2227; x_wconf 90' lang='lat' dir='ltr'>institutionum</span> <span class='ocrx_word' id='word_1_308' title='bbox 795 2192 894 2227; x_wconf 87' lang='lat' dir='ltr'>libris</span> <span class='ocrx_word' id='word_1_309' title='bbox 927 2194 973 2227; x_wconf 90' lang='lat' dir='ltr'>ad</span> <span class='ocrx_word' id='word_1_310' title='bbox 1010 2197 1167 2227; x_wconf 89' lang='lat' dir='ltr'>nostram</span> <span class='ocrx_word' id='word_1_311' title='bbox 1201 2194 1447 2239; x_wconf 87' lang='lat' dir='ltr'>quaestionem</span> <span class='ocrx_word' id='word_1_312' title='bbox 1483 2204 1555 2227; x_wconf 92' lang='lat' dir='ltr'>non</span> 
     </span>
     <span class='ocr_line' id='line_1_37' title="bbox 121 2252 1565 2300; baseline 0.001 -13"><span class='ocrx_word' id='word_1_313' title='bbox 121 2253 235 2297; x_wconf 83' lang='lat' dir='ltr'>magis</span> <span class='ocrx_word' id='word_1_314' title='bbox 262 2252 408 2286; x_wconf 83' lang='lat' dir='ltr'>interest</span> <span class='ocrx_word' id='word_1_315' title='bbox 435 2252 615 2299; x_wconf 88' lang='lat' dir='ltr'>disputare</span> <span class='ocrx_word' id='word_1_316' title='bbox 642 2264 749 2299; x_wconf 90' lang='lat' dir='ltr'>quam</span> <span class='ocrx_word' id='word_1_317' title='bbox 777 2253 823 2287; x_wconf 92' lang='lat' dir='ltr'>de</span> <span class='ocrx_word' id='word_1_318' title='bbox 858 2253 1003 2299; x_wconf 89' lang='lat' dir='ltr'>reliquis</span> <span class='ocrx_word' id='word_1_319' title='bbox 1035 2253 1202 2288; x_wconf 87' lang='lat' dir='ltr'>Prisciani</span> <span class='ocrx_word' id='word_1_320' title='bbox 1234 2254 1383 2300; x_wconf 88' lang='lat' dir='ltr'>scriptis,</span> <span class='ocrx_word' id='word_1_321' title='bbox 1421 2253 1565 2300; x_wconf 82' lang='lat' dir='ltr'>quippe</span> 
     </span>
     <span class='ocr_line' id='line_1_38' title="bbox 121 2313 1554 2373; baseline 0 -25"><span class='ocrx_word' id='word_1_322' title='bbox 121 2315 157 2348; x_wconf 90' lang='lat' dir='ltr'>in</span> <span class='ocrx_word' id='word_1_323' title='bbox 184 2313 316 2359; x_wconf 90' lang='lat' dir='ltr'>quibus</span> <span class='ocrx_word' id='word_1_324' title='bbox 341 2313 508 2347; x_wconf 89' lang='lat' dir='ltr'>omnibus</span> <span class='ocrx_word' id='word_1_325' title='bbox 534 2325 651 2359; x_wconf 89' lang='lat' dir='ltr'>neque</span> <span class='ocrx_word' id='word_1_326' title='bbox 678 2313 794 2359; x_wconf 86' lang='lat' dir='ltr'>Caper</span> <span class='ocrx_word' id='word_1_327' title='bbox 828 2319 902 2348; x_wconf 85' lang='lat' dir='ltr'>tarn</span> <span class='ocrx_word' id='word_1_328' title='bbox 937 2315 1159 2348; x_wconf 88' lang='lat' dir='ltr'>continenter</span> <span class='ocrx_word' id='word_1_329' title='bbox 1190 2315 1387 2373; x_wconf 61' lang='lat' dir='ltr'>exscriptus</span> <span class='ocrx_word' id='word_1_330' title='bbox 1419 2315 1464 2348; x_wconf 88' lang='lat' dir='ltr'>sit</span> <span class='ocrx_word' id='word_1_331' title='bbox 1498 2326 1554 2348; x_wconf 94' lang='lat' dir='ltr'>ne-</span> 
     </span>
     <span class='ocr_line' id='line_1_39' title="bbox 119 2370 1556 2420; baseline 0.001 -13"><span class='ocrx_word' id='word_1_332' title='bbox 119 2385 190 2419; x_wconf 90' lang='lat' dir='ltr'>que</span> <span class='ocrx_word' id='word_1_333' title='bbox 214 2373 314 2413; x_wconf 86' lang='lat' dir='ltr'>Plini,</span> <span class='ocrx_word' id='word_1_334' title='bbox 345 2374 405 2419; x_wconf 90' lang='lat' dir='ltr'>qui</span> <span class='ocrx_word' id='word_1_335' title='bbox 439 2385 617 2419; x_wconf 89' lang='lat' dir='ltr'>nusquam</span> <span class='ocrx_word' id='word_1_336' title='bbox 653 2374 866 2414; x_wconf 88' lang='lat' dir='ltr'>nominatur,</span> <span class='ocrx_word' id='word_1_337' title='bbox 894 2374 966 2408; x_wconf 81' lang='lat' dir='ltr'>ulla</span> <span class='ocrx_word' id='word_1_338' title='bbox 1002 2374 1154 2418; x_wconf 84' lang='lat' dir='ltr'>vestigia</span> <span class='ocrx_word' id='word_1_339' title='bbox 1186 2370 1331 2420; x_wconf 65' lang='lat' dir='ltr'>praeter</span> <span class='ocrx_word' id='word_1_340' title='bbox 1361 2385 1476 2420; x_wconf 90' lang='lat' dir='ltr'>pauca</span> <span class='ocrx_word' id='word_1_341' title='bbox 1509 2385 1556 2409; x_wconf 84' lang='lat' dir='ltr'>ea</span> 
     </span>
     <span class='ocr_line' id='line_1_40' title="bbox 121 2434 1148 2486; baseline 0.003 -18"><span class='ocrx_word' id='word_1_342' title='bbox 121 2446 213 2486; x_wconf 88' lang='lat' dir='ltr'>quae</span> <span class='ocrx_word' id='word_1_343' title='bbox 241 2434 298 2470; x_wconf 90' lang='lat' dir='ltr'>hic</span> <span class='ocrx_word' id='word_1_344' title='bbox 323 2434 389 2472; x_wconf 88' lang='lat' dir='ltr'>illic</span> <span class='ocrx_word' id='word_1_345' title='bbox 417 2434 451 2471; x_wconf 87' lang='lat' dir='ltr'>in</span> <span class='ocrx_word' id='word_1_346' title='bbox 478 2435 772 2480; x_wconf 83' lang='lat' dir='ltr'>conparationem</span> <span class='ocrx_word' id='word_1_347' title='bbox 799 2436 924 2471; x_wconf 78' lang='lat' dir='ltr'>vocavi</span> <span class='ocrx_word' id='word_1_348' title='bbox 951 2440 1148 2472; x_wconf 81' lang='lat' dir='ltr'>cernantur.</span> 
     </span>
    </p>
   </div>
   <div class='ocr_carea' id='block_1_8' title="bbox 1622 1984 1751 2750">
    <p class='ocr_par' dir='ltr' id='par_1_10' title="bbox 1622 1984 1751 2750">
     <span class='ocr_line' id='line_1_41' title="bbox 1622 1984 1751 2750; baseline 0 0"><span class='ocrx_word' id='word_1_349' title='bbox 1622 1984 1751 2750; x_wconf 95' lang='lat' dir='ltr'> </span> 
     </span>
    </p>
   </div>
  </div>
 </body>
</html>
