1751 2750
131 235 168 267 et
193 230 276 268 alibi
302 234 369 268 sub
388 234 579 268 Frontonis
607 236 751 270 nomine
770 235 891 275 fertur.
920 247 1000 270 cum
1027 236 1139 271 Plinio
1158 249 1252 272 sane-
1268 238 1353 273 nihil
1381 250 1559 278 conrnune

130 293 266 327 habere
290 294 425 328 Keilius
460 295 493 327 in
523 294 744 339 praefatione
788 295 924 329 Charisi
958 305 989 341 p.
1031 296 1097 330 VII
1131 308 1208 341 sqq.
1244 298 1354 332 satius
1388 299 1559 344 explicuit

131 365 239 398 quam
266 360 304 389 ut
329 354 417 389 haec
442 356 607 401 quaestio
633 356 922 391 retractationem
950 357 1135 392 desideret.

249 416 306 449 De
331 416 431 450 dubii
448 417 622 450 sermonis
639 416 734 450 libris
752 417 785 450 in
813 417 1014 451 universum
1032 423 1272 453 tractaverunt
1298 419 1558 457 Grasenhan

134 475 360 520 ,geschichte
386 477 448 510 der
472 476 689 511 klassischen
717 477 915 522 philologie
941 478 988 511 im
1014 478 1225 513 alterthum«
1255 479 1321 514 vol.
1351 480 1401 515 IV
1426 492 1460 526 p.
1495 490 1562 517 100
1624 472 1626 475 .

131 541 167 569 et
192 536 287 576 alias,
316 548 358 571 ac
384 538 577 581 praecipue
604 538 777 571 Lersch
809 539 886 572 »die
912 539 1270 584 sprachphilosophie
1302 541 1366 574 der
1401 541 1516 576 alten«
1545 544 1560 577 I

130 607 165 641 p.
189 603 266 639 150,
293 597 324 630 II
342 609 366 642 p
391 604 466 641 157,
495 597 554 642 qui
581 597 688 630 etiam
710 597 909 642 fragmenta
936 599 1099 633 conlecta
1117 600 1130 633 I
1149 610 1182 643 p.
1212 609 1277 644 179
1295 595 1383 646 sqq(
1401 600 1557 642 exhibet,
1587 594 1590 598 ¹

131 657 262 702 quibus
289 657 459 691 nonnulla
483 669 575 702 quae
602 657 650 691 ibi
678 658 846 692 omiserat
873 659 1009 693 addidit
1034 660 1065 693 II
1091 671 1124 704 p.
1158 662 1223 704 158
1250 661 1284 694 in
1310 661 1432 697 adnot.
1484 662 1558 697 Sed
1610 658 1615 662 ’

131 717 213 751 inde
238 718 285 752 ab
310 729 353 751 eo
379 723 542 763 tempore
569 719 679 752 multa
706 730 799 753 nova
825 719 986 753 subsidia
1020 720 1123 754 nobis
1149 720 1403 763 redundarunt,
1430 722 1560 765 quibus

130 789 202 811 non
236 778 353 812 solum
386 778 584 823 fragmenta
617 780 808 813 emendare
842 785 878 813 et
912 780 1101 824 adaugere.
1129 781 1193 814 sed
1218 781 1326 815 etiam
1352 782 1387 815 in
1412 782 1556 826 singula

131 839 292 873 exactius
310 840 485 883 inquirere
503 840 592 873 licet.
639 840 768 874 Denuo
793 841 947 877 excussit
964 840 1150 874 thesauros
1168 852 1232 885 per
1249 842 1339 875 Keili
1364 842 1561 877 editionem

132 899 446 944 grammaticorum
472 899 628 934 reclusos
654 911 734 934 eum
753 900 934 945 diligentia
952 905 987 934 et
1005 901 1202 945 sagacitate
1230 900 1560 937 Schottmuller
1612 911 1613 914 ’
1660 882 1671 905 ’Ἴ

131 961 151 994 l.
198 961 231 1000 1.,
269 961 329 1005 qui
361 966 482 994 tamen
520 972 611 1005 opus
658 962 873 1006 promissum
906 961 1135 995 solummodo
1169 962 1348 996 incohavit
1381 967 1418 996 et
1450 974 1559 997 unum

133 1020 334 1055 Charisium
353 1021 586 1066 perlustravit.
639 1021 712 1056 Sed
740 1022 839 1056 multi
866 1022 1088 1066 grammatici
1104 1021 1302 1066 fragmenta
1319 1028 1558 1064 servaverunt,

132 1093 224 1126 quae
250 1083 451 1117 examinare
476 1088 512 1117 et
538 1094 732 1128 conparare
764 1083 918 1126 indeque
936 1087 1111 1127 quatenus
1137 1082 1222 1116 Plini
1248 1083 1336 1117 liber
1353 1084 1461 1118 etiam
1488 1095 1560 1119 non

132 1144 333 1177 nominatus
359 1155 380 1177 a
405 1143 551 1187 singulis
571 1140 775 1187 'exscriptus
811 1144 856 1177 sit
889 1154 1010 1177 eruere
1044 1153 1178 1186 operae
1207 1154 1290 1176 sane
1318 1144 1470 1188 pretium
1495 1149 1558 1180 est.

132 1203 241 1247 Quod
277 1203 442 1247 equidem
476 1206 636 1237 conabor
669 1204 821 1248 primum
854 1204 891 1236 in
923 1202 1153 1242 Charisio,
1198 1203 1258 1247 qui
1295 1208 1379 1247 post
1411 1204 1560 1238 aliorum

132 1264 358 1307 quaestiones
385 1275 497 1297 novas
523 1264 650 1297 iterum
676 1274 779 1297 curas
804 1263 953 1306 flagitat,
982 1263 1110 1296 deinde
1142 1264 1176 1296 in
1203 1263 1434 1297 Prisciano
1468 1264 1560 1298 insti-

132 1324 312 1358 tutionum
339 1324 652 1367 grammaticarum
678 1328 834 1358 auctore.
887 1323 969 1366 Qua
993 1323 1026 1356 in
1053 1334 1090 1357 re
1125 1323 1244 1357 facere
1273 1334 1344 1357 non
1369 1335 1560 1368 possumus

135 1384 221 1430 quiri
248 1385 283 1417 in
309 1384 446 1418 illorum
473 1383 591 1417 fontes
617 1383 720 1417 altius
746 1384 975 1427 inquiramus

251 1445 458 1490 Antequam
505 1445 550 1479 ad
588 1445 703 1488 ipsam
737 1444 984 1489 quaestionem
1023 1444 1210 1489 adcingar,
1251 1444 1348 1478 dubii
1388 1445 1562 1479 sermonis

132 1506 302 1541 librorum
331 1507 505 1550 reliquias,
532 1517 624 1551 quae
657 1517 774 1551 neque
800 1506 834 1539 in
859 1506 873 1539 I
899 1510 999 1549 parte
1017 1516 1132 1550 neque
1155 1506 1188 1539 in
1215 1505 1466 1541 additamentis
1480 1506 1515 1540 in
1530 1506 1561 1539 II

132 1572 233 1612 parte
259 1567 358 1601 sactis
384 1579 404 1601 a
422 1566 593 1601 Lerschio
614 1566 836 1605 exhibentur,
863 1566 949 1600 locis
976 1565 1092 1599 solum
1111 1566 1235 1599 adlatis
1261 1566 1437 1602 indicabo,
1489 1566 1558 1600 Ex-

134 1627 229 1661 stant
257 1639 341 1662 vero
367 1628 421 1661 his
446 1628 554 1663 locis:

250 1688 275 1724 I.
303 1687 433 1723 Charis.
464 1700 497 1733 p.
538 1696 591 1732 53,
632 1697 671 1721 12
700 1708 745 1713 —
773 1687 814 1723 11.
842 1687 926 1723 ibid.
958 1696 1033 1731 127,
1068 1696 1108 1731 17
1140 1708 1181 1713 —
1207 1688 1264 1724 111.
1293 1688 1375 1722 ibid.
1409 1697 1486 1730 14¹,
1517 1696 1563 1729 24
1627 1697 1631 1701 '
1697 1702 1722 1742 „¹

134 1770 180 1773 -—
196 1748 256 1782 IV.
286 1749 394 1784 instit.
422 1749 549 1782 artium
573 1749 608 1782 in
635 1748 728 1782 Keili
753 1759 804 1792 gr.
833 1748 874 1783 L.
902 1748 961 1787 IV,
995 1757 1071 1791 137,
1104 1757 1139 1781 11
1164 1768 1209 1773 —
1229 1748 1273 1784 V.
1304 1747 1401 1783 SerV.
1430 1748 1464 1782 in
1489 1748 1562 1781 Do-

133 1814 258 1842 natum
282 1808 326 1842 K.
355 1820 405 1853 gr.
435 1809 476 1843 L.
503 1809 554 1842 IV
581 1818 663 1851 444,
694 1817 711 1851 3
742 1828 787 1833 -—-
814 1808 875 1843 VI.
902 1808 985 1844 ibid.
1020 1817 1103 1852 447,
1130 1816 1146 1851 5
1176 1829 1223 1833 —
1248 1808 1325 1843 VII.
1354 1819 1451 1844 exce.
1480 1808 1559 1841 cod.

133 1870 318 1903 Leidensis
343 1869 439 1914 apud
465 1869 619 1903 Keilium
646 1870 680 1903 in
703 1870 826 1905 adnot.
857 1869 902 1902 ad
929 1868 1091 1903 Servium
1117 1869 1152 1902 in
1178 1868 1309 1904 Donat.
1348 1877 1430 1911 444,
1470 1875 1486 1911 5
1515 1889 1561 1893 -

131 1930 224 1966 VIII.
251 1929 396 1964 Cledon.
432 1930 475 1964 K.
504 1941 554 1974 gr.
583 1930 622 1963 L.
650 1930 694 1969 V,
722 1937 779 1972 45,
811 1938 847 1962 11
879 1948 917 1954 --
952 1929 1010 1962 IX.
1048 1930 1131 1965 ibid.
1157 1939 1216 1972 49,
1251 1938 1295 1972 27
1323 1949 1369 1953 —
1394 1928 1437 1962 X.
1474 1928 1556 1962 ibid.

135 1998 188 2034 50,
219 1993 239 2025 8
265 2012 312 2017 -
348 1991 406 2025 ΧΙ.
443 1991 567 2025 anecd.
603 1990 742 2026 Helvet.
783 1998 858 2034 135,
892 2000 902 2023 1
936 2011 979 2016 -
1019 1990 1094 2026 XII.
1130 1990 1288 2035 Pompei.
1324 1989 1368 2025 K.
1404 1989 1449 2029 V,
1482 1997 1559 2033 172,

136 2060 172 2084 11
204 2074 245 2078 --
280 2052 372 2085 XIII.
411 2052 493 2085 ibid.
528 2061 606 2095 193,
636 2052 682 2094 36
708 2072 751 2076 —--
780 2051 875 2084 XIV.
902 2049 1061 2084 Audacis
1088 2061 1184 2084 exce.
1212 2051 1257 2087 K.
1285 2050 1363 2091 VII,
1392 2056 1473 2093 355,
1501 2058 1558 2085 20.

129 2111 267 2146 Eadem
295 2111 366 2147 fere
393 2112 560 2157 leguntur
586 2112 620 2145 in
645 2117 720 2146 arte
747 2111 912 2145 Bonifatii
938 2112 972 2144 in
998 2111 1070 2145 Mai
1095 2111 1193 2145 class.
1221 2115 1356 2145 auctor.
1384 2109 1460 2150 VII,
1491 2109 1560 2153 546

128 2193 176 2198 —
202 2172 281 2207 XV.
310 2173 438 2207 Placid.
467 2173 540 2206 Mai
565 2173 668 2206 class.
695 2177 788 2208 auct.
817 2172 863 2205 III
890 2172 972 2214 476.

246 2233 337 2268 Cum
364 2233 453 2268 haec
480 2233 680 2278 fragmenta
708 2245 802 2267 nova
821 2232 1007 2272 adcedant,
1037 2243 1147 2266 unum
1173 2243 1220 2265 ex
1236 2232 1286 2265 eis
1313 2243 1406 2276 quae
1424 2230 1558 2265 Lersch
1593 2225 1596 2229 ’

127 2293 147 2330 l.
176 2294 196 2328 l.
226 2294 257 2328 II
282 2305 316 2338 p.
352 2295 419 2328 160
445 2295 479 2328 in
513 2295 635 2330 adnot.
671 2294 797 2332 adfert.
833 2293 1070 2328 omittendum
1104 2293 1253 2328 videtur.
1305 2292 1343 2325 In
1379 2292 1429 2325 eis
1465 2292 1560 2326 enim

127 2366 220 2399 quae
247 2354 380 2389 Charis.
406 2366 440 2399 p.
474 2364 538 2399 197
565 2355 620 2391 ed.
646 2354 786 2390 Putsch.
817 2368 860 2387 z
899 2367 932 2400 p.
970 2362 1050 2394 222,
1091 2353 1136 2387 26
1169 2353 1222 2387 ed.
1260 2352 1352 2386 Keil.
1387 2352 1556 2397 praebet:

130 2414 276 2451 ›Uniter
302 2420 426 2450 contra
451 2406 777 2461 grammaticorum.
806 2416 919 2458 inquit
948 2429 978 2454 ae,
1020 2414 1319 2463 observationem,
1346 2413 1405 2456 qui
1423 2417 1558 2458 negant
