1751 2750
836 148 883 185 34

269 267 303 301 p.
332 262 388 299 25,
417 265 463 300 30
496 255 552 301 (cf.
580 256 769 292 Morawski
802 257 822 291 l.
860 257 881 293 l.
921 270 955 303 p.
993 263 1060 300 352
1072 257 1096 300 );
1128 255 1237 291 »haec
1269 255 1414 294 nomina
1445 255 1490 301 [in
1520 255 1579 301 an]

151 315 186 349 in
211 326 283 350 uno
310 327 394 359 casu
420 316 555 351 habent
580 318 847 362 quaestionem,'
869 318 905 352 id
928 322 984 352 est
1011 317 1045 351 in
1071 317 1279 351 accusativo
1310 316 1446 361 plurali.
1473 327 1577 361 pae-

150 387 261 410 anas
287 377 380 411 enim
407 385 444 411 et
467 377 658 412 Titanas
684 384 720 412 et
744 378 939 413 Alcmanas
963 379 1128 412 dixerunt
1152 377 1322 422 plerique,
1360 377 1421 422 qui
1447 382 1576 412 errant.

150 436 283 471 nullum
320 438 416 472 enirn
454 449 584 472 nomen
612 439 646 472 in
677 450 716 472 as
755 440 1017 473 extremitatem
1055 438 1175 472 venire
1211 442 1334 483 potest
1369 438 1574 472 accusativo
1633 483 1636 487 ¹

148 497 284 542 plurali,
313 499 377 531 nisi
402 499 499 543 prius
525 499 764 533 nominativus
790 500 974 544 singularis
1009 500 1043 533 in
1070 510 1091 532 a
1121 498 1277 532 venerit«
1297 525 1304 531 .
1320 524 1326 532 .
1344 525 1352 533 .
1379 508 1413 544 p.
1450 498 1508 538 26,
1536 506 1576 542 7:

153 568 260 602 »ergo
286 557 353 592 hos
378 570 587 604 paeanes
612 565 647 593 et
673 559 740 594 hos
767 559 980 600 Titanes,
1008 565 1046 594 ut
1071 559 1137 593 hos
1165 569 1268 602 reges
1295 563 1331 592 et
1356 558 1421 592 has
1437 558 1573 602 leges«.

147 618 287 652 Eadem
314 620 436 664 regula
462 620 600 654 eisdem
625 620 798 666 exemplis
824 620 1027 655 inlustratur
1051 632 1072 653 a
1099 619 1209 653 Plinio
1236 631 1268 665 p.
1301 626 1377 662 145,
1410 626 1448 662 5:
1480 618 1575 653 »Ti-

149 685 292 713 tanas.
321 679 381 713 ubi
407 680 556 716 Plinius:
584 693 658 718 nec,
677 692 880 726 paeanas
905 682 1119 720 accusativo,
1140 681 1262 724 inquit,
1291 685 1387 714 recte
1414 680 1574 714 dicimus.

149 739 281 771 nullum
308 741 402 772 enim
430 751 562 773 nomen
587 741 788 774 accusativo
814 741 935 786 plurali
970 741 1004 774 in
1031 751 1070 774 as
1102 740 1198 774 venit
1232 740 1296 773 nisi
1329 739 1426 784 quod
1466 739 1575 774 nomi-

149 800 272 832 nativo
298 800 419 846 plurali
445 801 481 834 in
508 811 551 834 ae
576 800 753 837 sonabit«.

265 860 321 895 De
346 861 421 895 aliis
448 861 671 896 Palaemonis
697 860 873 906 capitibus
898 860 987 895 haec
1011 860 1204 895 adferenda
1231 866 1325 895 sunt.

264 916 298 966 p.
325 930 384 965 47,
415 931 434 965 7
454 922 576 965 regula
602 922 647 956 de
673 922 739 955 abl.
761 933 813 966 sg.
835 921 881 955 111
899 922 996 957 data:
1030 934 1131 955 »nam
1158 924 1185 955 si
1205 922 1397 968 [adiectiva]
1425 922 1569 967 propria

149 982 295 1015 nomina
319 983 457 1023 suerint,
492 990 576 1016 tunc
612 984 808 1016 ablativum
843 984 877 1016 in
911 994 930 1015 e
962 984 1113 1017 litteram
1147 983 1280 1017 habere
1313 983 1508 1029 debebunt,
1537 987 1576 1016 ut

149 1054 169 1075 a
207 1043 324 1076 Felice
362 1044 587 1077 Vehemente
626 1044 809 1078 Salutare‹
848 1042 904 1088 (cs.
943 1049 1021 1087 545,
1063 1046 1130 1088 17),
1166 1053 1386 1088 quamquam
1421 1042 1571 1078 fortasse

147 1104 194 1137 ab
220 1103 289 1137 alio
321 1114 394 1149 quo
428 1104 709 1139 Palaemonianis
739 1104 892 1139 admista
921 1109 975 1139 est
1009 1103 1052 1148 (v.
1083 1103 1259 1139 Schottm.
1287 1114 1320 1146 p.
1358 1105 1423 1148 19),
1449 1108 1571 1137 tamen

148 1163 360 1208 generaliter
384 1164 579 1199 Plinianum
605 1170 839 1210 praeceptum
855 1164 971 1204 refert,
1000 1164 1103 1209 quale
1129 1177 1159 1198 e
1186 1177 1220 1208 g.
1242 1178 1274 1210 p.
1303 1174 1378 1207 130,
1409 1171 1463 1206 25.
1494 1173 1572 1206 143,

151 1230 180 1267 5.
212 1223 290 1266 146,
324 1232 375 1267 17.
405 1233 447 1267 23
478 1231 605 1259 exstat.
635 1225 782 1269 (Similia
807 1238 863 1270 ap.
887 1225 991 1260 Prisc.
1020 1226 1033 1258 I
1059 1225 1572 1268 335,15.347,10.Serv.

146 1283 193 1318 ad
221 1284 312 1320 Aen.
338 1284 475 1319 11610.
506 1284 570 1328 frg.
599 1286 689 1320 Bob.
716 1286 760 1319 K.
788 1287 831 1319 V.
863 1287 941 1329 562,
971 1287 1041 1331 35.)

265 1346 405 1380 Deinde
430 1358 522 1391 quae
550 1359 585 1392 p.
613 1356 762 1391 233,10
789 1348 833 1382 de
849 1348 1124 1394 praepositionis
1145 1358 1291 1394 ›super‹
1313 1346 1573 1392 significatione

147 1419 166 1440 e
193 1407 419 1440 Palaemonis
444 1408 535 1440 libro
568 1414 737 1454 excerpta
767 1414 858 1448 sunt,
896 1409 1053 1453 pleniora
1088 1412 1123 1441 et
1160 1408 1322 1441 uberiora
1354 1407 1449 1452 apud
1485 1405 1573 1440 alios

147 1467 402 1512 grammaticos
439 1468 674 1509 inveniuntur,
709 1468 805 1504 velut
839 1468 1005 1505 Diomed.
1039 1477 1122 1511 413,
1164 1477 1215 1502 12.
1273 1467 1376 1502 Prisc.
1403 1467 1434 1501 ΙΙ
1470 1474 1524 1510 55,
1552 1475 1572 1511 7

145 1521 232 1572 sqq.
253 1528 295 1561 Κ.
325 1528 375 1561 IV
401 1537 483 1568 420,
517 1530 567 1561 16.
597 1529 631 1561 V
657 1530 714 1568 26,
740 1540 776 1569 4.
805 1539 886 1571 277,
916 1537 973 1571 25.
1004 1537 1083 1570 523,
1117 1537 1167 1560 12.
1196 1528 1318 1560 anecd.
1354 1528 1457 1562 Helv.
1491 1527 1571 1568 264,

146 1596 201 1630 34.
231 1585 330 1622 Serv.
360 1587 406 1622 ad
432 1588 523 1622 Aen.
552 1588 584 1623 X
609 1599 668 1631 42,
695 1590 846 1634 denique
873 1590 983 1623 Plinio
1010 1595 1155 1622 auctore
1179 1589 1357 1636 adpellato
1382 1589 1477 1635 apud
1501 1587 1572 1622 Au-

146 1649 270 1683 dacem
296 1649 340 1685 K.
368 1650 434 1684 VH
461 1658 542 1693 355,
570 1660 617 1684 20
643 1662 726 1695 sqq:
760 1651 896 1697 »Super
932 1652 1234 1697 praepositionem
1259 1651 1389 1684 Plinius
1422 1649 1500 1684 Sec.
1529 1660 1574 1683 ex

144 1708 198 1743 his
223 1710 337 1744 tribus
362 1711 696 1756 praepositionibu5‚
724 1711 759 1745 id
787 1717 840 1745 est
865 1723 971 1757 supra
998 1712 1042 1746 de
1067 1712 1112 1752 in,
1140 1712 1214 1745 vult
1236 1710 1369 1745 habere
1403 1708 1572 1754 significa·
1626 1751 1631 1755 ι

145 1771 280 1804 tionem
285 1796 389 1810 .....
433 1772 563 1806 ›multa
598 1783 705 1817 super
739 1772 876 1806 Priamo
913 1773 1083 1816 rogitans,
1121 1783 1229 1816 super
1255 1771 1412 1805 Hectore
1439 1770 1568 1805 multa«

144 1840 176 1866 e.
202 1840 236 1875 q
262 1841 290 1866 s
319 1831 527 1876 Eademque
547 1842 617 1866 una
633 1842 717 1866 curn
734 1831 826 1866 Plini
846 1832 988 1866 nomine
1008 1831 1043 1866 in
1068 1837 1143 1866 arte
1168 1830 1334 1865 Bonifatii
1362 1830 1445 1875 (Mai
1469 1829 1569 1863 class.

143 1895 278 1928 auctor.
306 1890 386 1927 VIl
397 1905 430 1939 p.
460 1893 540 1940 546)
567 1898 782 1940 repetuntur.

259 1952 353 1987 Tum
386 1965 471 1988 vero
507 1955 618 1988 Plinio
651 1955 803 1988 debetur
836 1967 870 2000 p.
916 1962 993 1998 175,
1031 1962 1073 1997 25
1103 1954 1192 1987 haec
1219 1954 1382 1988 doctrina
1408 1953 1464 1997 (cf.
1492 1953 1572 1988 Mo-

144 2012 270 2053 rawski
297 2013 317 2046 l.
346 2014 365 2047 l.
395 2026 427 2060 p.
459 2016 560 2061 352):
605 2015 746 2049 »Verba
784 2016 912 2062 supina
951 2020 1035 2050 sunt
1074 2015 1173 2055 haec,
1212 2014 1365 2054 docendi
1405 2013 1572 2048 docendo

144 2074 347 2106 docendum
373 2075 521 2107 doctum
548 2076 665 2109 doctu.
694 2085 785 2119 quae
812 2076 958 2120 quidam
985 2075 1164 2109 declinant
1191 2064 1272 2120 post
1296 2072 1430 2108 finitiva
1453 2073 1572 2108 adiun-

143 2138 269 2177 gentes
294 2144 366 2167 non
391 2134 535 2176 similia;
561 2135 706 2180 quidam
744 2140 870 2182 putant
903 2135 1013 2169 verba
1047 2134 1228 2176 infinitiva,
1264 2133 1341 2169 alii
1377 2134 1466 2170 inter
1498 2133 1572 2169 ad-

144 2194 307 2228 verbia
339 2196 592 2241 qualitatis
620 2202 849 2242 posuerunt«,
887 2197 921 2229 id
948 2196 1045 2240 quod
1072 2195 1187 2230 elucet
1217 2207 1236 2229 e
1261 2208 1295 2241 p.
1329 2197 1405 2239 187,
1427 2204 1483 2235 20,
1512 2195 1573 2229 ubi

144 2254 192 2287 ad
226 2254 322 2287 illum
361 2261 592 2300 provocatur:
637 2256 786 2289 »Plinius
820 2255 899 2290 Sec.
940 2256 1030 2288 inter
1066 2255 1292 2288 adverbia
1327 2255 1572 2299 qualitatis

144 2314 262 2361 posuit
288 2314 441 2351 dicendo
467 2316 622 2363 legendo
648 2317 788 2352 dicendi
814 2317 989 2363 legendi«.
1043 2316 1119 2352 Nec
1150 2317 1266 2352 minus
1298 2317 1426 2352 eadem
1452 2316 1574 2363 regula

143 2379 315 2421 repetitur
338 2390 372 2422 p.
406 2387 482 2422 172,
516 2382 573 2413 18:
606 2380 752 2424 »supina
775 2379 831 2412 vel
858 2378 1077 2412 adverbia
1113 2378 1281 2420 audiendi
1307 2377 1488 2413 audiendo
1514 2387 1572 2411 au-

144 2435 314 2471 diendum
340 2438 501 2474 auditum
528 2440 686 2475 auditu«.
740 2440 863 2486 Atque
889 2440 994 2475 etiam
1020 2451 1054 2486 p.
1088 2440 1164 2483 189.
1191 2448 1232 2483 19
1258 2438 1348 2473 Plini
1375 2438 1583 2474 doctrinam
