1751 2750
810 136 848 161 12

114 246 561 288 quamquamRomanum
589 245 795 289 diligentem
821 246 1094 289 grammaticum
1121 245 1194 278 sere
1220 245 1351 284 dicunt,
1379 245 1541 278 nondum

115 303 236 338 dedita
268 316 378 349 opera
413 305 698 349 disquisiverunt‚
756 305 874 349 Quam
907 306 955 339 ob
992 315 1066 338 rem
1099 304 1185 338 mihi
1218 304 1339 344 liceat,
1375 309 1414 338 ut
1450 315 1542 349 quae

113 365 220 399 statui
247 365 466 405 confirmem,
496 367 663 403 nonnulla
689 367 734 401 de
759 367 834 400 eius
867 366 1082 411 excerpendi
1115 353 1249 410 genere
1278 377 1494 412 proponere.
1523 377 1544 399 e

114 426 242 470 quibus
267 432 389 471 pateat
415 438 507 471 quae
531 428 662 472 scripta
686 427 770 461 alias
798 428 875 472 ipse
900 427 1024 472 legerit
1048 432 1084 461 et
1110 427 1343 471 excerpserit.

232 487 380 533 Optime
407 493 442 523 et
467 489 717 524 dilucidissime
749 489 903 523 Romani
929 489 1024 535 viam
1057 494 1093 525 et
1129 489 1302 523 rationem
1339 487 1544 534 perspicere

115 559 306 592 possumus
341 549 375 582 in
409 555 616 584 tractatu
651 551 703 584 de
741 551 968 584 adverbio
994 550 1090 594 apud
1117 549 1220 585 Char.
1247 550 1287 589 11,
1315 557 1384 583 xm
1410 561 1445 594 p.
1477 558 1544 592 190

114 618 225 652 seqq„
254 608 312 653 qui
340 614 376 643 et
400 610 523 644 ordine
549 610 728 644 literarum
760 610 920 644 instituto
955 615 991 644 et
1021 615 1098 644 tota
1132 610 1252 654 specie
1286 609 1383 643 alteri
1417 609 1463 643 illi
1498 609 1543 643 de

115 669 282 712 analogia
307 672 510 716 conscripto
536 672 731 706 admodum
758 671 878 704 similis
905 676 958 704 est
991 676 1026 704 et
1052 671 1128 715 ipse
1159 682 1303 715 quoque
1328 671 1542 715 exquisitam

114 729 296 773 quandam
335 731 561 776 antiquorum
601 732 813 776 scriptorum
851 731 1062 764 electionem
1100 731 1255 774 praebet.
1311 731 1348 765 Si
1381 741 1467 764 vero
1507 731 1542 764 in

114 796 278 824 auctores
303 791 371 825 illic
397 792 559 826 laudatos
586 792 795 838 inquisieris,
823 792 944 826 statim
970 802 1168 836 cognosces
1192 791 1417 836 conplurium
1434 791 1541 835 scrip-

113 856 232 884 torum
258 857 373 885 certas
397 854 571 898 quasdam
589 855 696 888 series
721 866 786 898 per
802 859 917 891 totum
943 859 1051 898 caput
1077 853 1231 892 extendi,
1260 852 1294 885 id
1324 852 1421 897 quod
1447 852 1543 897 apud

114 912 292 946 neminem
327 912 400 947 fere
430 914 537 948 alium
573 915 846 958 grammaticum
873 935 920 940 —-
953 919 1096 959 praeter
1130 913 1286 948 Nonium
1322 912 1540 953 Marcellum,

114 973 212 1006 cuius
252 975 466 1020 excerpendi
502 986 605 1009 usum
640 976 672 1009 P.
702 975 865 1010 Schmidt
896 975 961 1008 »de
999 974 1105 1008 Nonii
1144 973 1297 1011 Marcelli
1329 972 1542 1007 'auctoribus

113 1035 375 1077 grammaticis«
411 1036 497 1069 scite
532 1036 718 1084 descripsit
752 1058 798 1061 —
832 1036 1056 1081 conspicitur.
1110 1036 1202 1069 Nam
1244 1035 1351 1069 ceteri
1385 1034 1544 1080 plerique

113 1105 195 1127 cum
222 1106 267 1128 ex
294 1096 554 1141 antiquioribus
572 1096 797 1140 potissimum
822 1096 957 1129 artibus
976 1096 1074 1129 varia
1100 1100 1294 1139 praecepta
1310 1094 1540 1138 conligerent,

114 1155 280 1200 exempla
306 1156 544 1191 diversissima
579 1169 648 1191 una
679 1157 942 1199 exscribebant,
978 1157 1075 1202 ipsos
1099 1162 1263 1192 auctores
1291 1166 1362 1189 non
1387 1155 1544 1190 adibant.

112 1216 237 1260 Itaque
261 1215 394 1249 factum
420 1223 474 1250 est
500 1223 537 1250 ut
570 1218 695 1251 eadem
729 1217 899 1264 exempla⁴
926 1218 1022 1261 apud
1055 1218 1187 1250 multos
1219 1221 1433 1260 repetantur.
1488 1216 1540 1249 At
1586 1217 1589 1219 ’

112 1276 317 1311 Romanum
343 1277 377 1311 in
403 1282 553 1312 tractatu
581 1278 625 1312 de
651 1278 823 1312 adverbio
848 1298 889 1303 --
907 1289 1022 1323 aeque
1047 1283 1155 1325 atque
1182 1276 1264 1311 alibi
1284 1298 1329 1313 —.—
1347 1275 1541 1310 maximam

113 1343 251 1379 partem
279 1339 526 1380 exemplorum
554 1340 600 1371 ab
625 1339 708 1381 ipsis
735 1339 940 1371 auctoribus
966 1340 1110 1382 petiisse
1136 1344 1197 1370 aut
1223 1349 1268 1370 ex
1293 1337 1543 1370 conmentariis

114 1397 334 1442 excerpsisse
359 1397 553 1432 luculenter
579 1398 718 1431 ostendi
745 1403 874 1441 potest.

230 1458 469 1492 Naeviana
481 1471 576 1492 rum
608 1459 860 1493 fabularum
893 1459 1206 1497 Aconfizomenos,
1235 1458 1447 1502 Agitatoria‚
1474 1456 1540 1491 Co-

112 1517 262 1557 rollaria,
302 1517 493 1552 Tarentilla
532 1519 672 1563 saepius
711 1518 915 1563 laudantur3
957 1519 1100 1552 adcedit
1139 1529 1246 1551 unum
1288 1517 1494 1562 exemplum
1521 1528 1540 1550 e

111 1578 247 1622 Figulo,
287 1590 369 1612 curn
406 1585 607 1613 ceterarum
645 1580 778 1613 nullum
818 1580 1061 1614 testimonium
1101 1584 1227 1613 exstet.
1280 1579 1415 1612 Earum
1451 1589 1540 1622 quas

113 1639 292 1672 nominavi
320 1639 448 1672 nullam
467 1640 665 1673 invenimus
689 1640 785 1684 apud
809 1640 976 1673 Nonium.
1030 1639 1191 1672 Eandem
1217 1650 1303 1672 vero
1321 1638 1447 1672 seriem
1468 1649 1538 1671 non

112 1699 228 1733 minus
263 1711 371 1745 quam
407 1705 546 1734 ceteras
579 1700 766 1745 plerasque
803 1711 866 1744 per
898 1700 1018 1744 capita
1044 1700 1088 1733 de
1114 1700 1364 1733 coniunctione
1390 1710 1425 1743 p.
1459 1707 1537 1741 229.
1564 1699 1569 1705 ’

114 1768 131 1801 3
161 1770 236 1804 sqq.
266 1765 300 1792 et
327 1760 371 1793 de
396 1760 640 1793 interiectione
667 1772 701 1805 p.
732 1769 811 1803 239,
846 1769 857 1792 1
888 1772 967 1806 sqq.
1003 1760 1246 1793 continuatam
1281 1758 1388 1792 fuisse
1420 1759 1540 1792 videre

111 1820 202 1856 licet.
256 1821 432 1854 Videntur
466 1821 554 1854 haec
586 1821 699 1865 petita
732 1832 809 1854 esse
841 1832 860 1854 e
887 1820 1131 1854 conmentario
1164 1820 1226 1865 qui
1260 1819 1396 1853 fabulas
1433 1830 1540 1864 supra

113 1882 229 1915 dictas
260 1881 445 1920 continuit,
482 1881 566 1926 quia
593 1893 626 1925 p.
666 1883 741 1924 198,
776 1881 818 1914 16
844 1893 870 1914 s.
899 1893 930 1914 v.
973 1880 1171 1915 ›efflictim‹
1209 1880 1313 1914 Probi
1346 1879 1538 1924 explicatio

111 1941 315 1986 adiungitur
341 1946 376 1975 et
404 1941 486 1975 alibi
514 1952 659 1987 quoque
684 1941 934 1975 adnotationes
958 1941 1138 1975 subiectae
1165 1947 1256 1979 sunt,
1284 1940 1380 1974 velut
1401 1948 1478 1983 197,
1505 1949 1537 1983 9.

117 2011 195 2045 199,
222 2011 279 2045 24.
307 2011 388 2046 239,
422 2012 474 2046 19,
511 2002 571 2036 ubi
607 2002 778 2036 incertum
814 2002 1058 2036 testimonium
1097 2001 1259 2035 »Plautus
1292 2001 1326 2034 in
1360 2000 1535 2046 quadam«

112 2063 146 2096 in
173 2063 420 2096 conmentario
447 2062 505 2095 illo
532 2062 730 2096 exhibitum
757 2074 836 2096 esse
854 2063 1002 2095 videtur.
1022 2083 1068 2087 —
1086 2061 1302 2105 Exempla
1330 2060 1539 2095 Plautina

115 2127 256 2167 praeter
282 2133 398 2166 pauca
425 2133 445 2155 e
474 2122 620 2156 diversis
646 2122 773 2155 sabulis
805 2123 995 2167 desumpta
1028 2132 1197 2164 magnam
1230 2126 1366 2165 partem
1394 2121 1539 2166 (XX1V)

111 2182 159 2215 ad
185 2182 381 2215 Bacchides
408 2182 596 2226 pertinent,
625 2182 691 2214 alia
716 2182 761 2215 ad
788 2181 945 2215 fabulam
963 2181 1104 2215 aliunde
1130 2192 1201 2214 non
1221 2181 1402 2223 cognitam
1433 2180 1538 2215 »Cae-

111 2253 193 2276 cum
231 2242 285 2275 vel
325 2242 560 2286 praedones‹.
614 2242 754 2275 Deinde
792 2253 838 2275 ex
870 2241 1144 2286 Amphitruonis
1183 2240 1324 2274 duobus
1363 2240 1538 2286 prioribus

109 2302 247 2337 actibus
288 2302 385 2347 (hinc
424 2303 577 2337 dilucide
616 2303 869 2347 cognoscimus
906 2302 1188 2347 excerptoreml)
1228 2301 1452 2335 inveniuntur
1488 2301 1537 2335 VI

112 2363 287 2407 exempla,
324 2374 417 2406 quae
451 2364 532 2406 quia
570 2369 699 2409 quater
724 2362 915 2397 Sisenna
944 2363 1108 2397 laudatur
1134 2370 1214 2403 203,
1244 2369 1297 2404 27.
1335 2370 1416 2394 221.
1443 2361 1477 2397 6.
1502 2370 1536 2404 9.

115 2424 191 2466 198,
221 2433 267 2466 24
302 2434 348 2457 ex
380 2422 483 2457 huius
518 2423 763 2458 conmentario
796 2423 958 2458 Plautino
993 2423 1182 2466 desumpta
1216 2427 1252 2456 et
1287 2421 1454 2465 deinceps
1480 2432 1536 2455 ex-

1713 1567 1745 1604 «ἶ,
