1751 2750
852 188 891 223 53

153 295 381 330 ·›secundum
406 296 492 330 alios
516 297 675 342 [verbum
702 299 764 344 est]
800 309 880 344 pars
915 299 1084 333 orationis
1111 310 1194 333 cum
1225 303 1390 344 tempore
1416 302 1452 332 et
1477 296 1595 331 modis

164 355 240 389 sine
268 366 352 389 casu
378 362 528 390 actum
555 357 629 391 vel
655 359 927 401 passionem
954 359 1190 403 significans«.

281 427 519 463 Transeamus
544 430 590 464 ad
615 441 657 464 ea
681 430 789 465 verba
807 442 899 475 quae
916 443 951 476 p.
972 440 1042 475 379
1059 443 1137 476 sqq.
1157 435 1408 465 enumerantur
1424 440 1593 474 quorum-

166 498 236 531 que
269 479 352 521 usus
376 489 590 522 testimoniis
614 490 781 523 conlectis
808 490 1045 526 confirmatur.
1097 491 1264 524 Prisciani
1287 490 1396 524 verba
1421 501 1457 534 p.
1485 497 1595 532 393,9

166 558 238 592 non
264 547 314 581 ita
338 548 576 593 intellegenda
602 554 684 583 sunt
708 553 891 594 tamquam
910 549 1026 596 Caper
1043 555 1079 584 et
1095 550 1225 585 Plinius
1243 555 1279 585 et
1295 550 1432 585 Probus
1450 559 1597 595 prorsus

166 608 294 641 eadem
321 608 558 647 exhibuerint,
586 609 660 648 sed,
689 609 786 651 quod
813 610 884 642 iam
909 610 1070 653 probavi,
1098 610 1253 653 Capi-um
1278 611 1389 643 Plinio
1414 615 1451 643 et
1476 609 1594 642 Probo

168 667 375 701 auctoribus
410 677 514 700 usum
546 678 624 701 esse
654 667 857 703 ostendunt.
920 667 1119 703 Priscianus
1156 680 1243 703 vero
1281 680 1327 703 ex
1365 667 1598 715 amplioribus

167 727 272 772 Capri
313 728 424 772 copiis
461 727 527 762 sibi
563 728 877 773 suppeditantibus
910 740 1027 772 pauca
1061 734 1200 763 tantum
1234 741 1273 763 se
1306 729 1482 763 delibasse
1520 729 1598 772 ipse

158 787 376 838 confitetur,
415 788 451 820 id
489 787 587 831 quod
627 788 736 820 etiam
775 798 821 820 ex
859 787 1008 821 exilibus
1045 788 1237 822 verborum
1274 787 1598 821 enumerationibus

167 847 293 883 elucet.
356 847 474 892 Quare
509 848 542 882 in
578 847 632 882 his
661 853 757 882 certe
793 848 821 882 si
855 848 974 882 insunt
1007 860 1099 893 quae
1132 861 1154 883 a
1188 849 1301 883 Plinio
1334 854 1484 883 tractata
1519 860 1598 882 esse

168 913 317 946 constet,
354 908 417 940 etsi
452 908 546 940 aliud
573 908 777 949 exemplum
804 908 1010 951 adpositum
1036 909 1243 947 invenimus,
1269 913 1390 941 tamen
1415 918 1496 940 cum
1520 918 1598 951 pro-

171 966 355 1002 babilitate
382 967 426 1001 illi
453 967 719 1003 vindicabimus,
772 967 896 1012 Atque
920 968 1121 1013 promenda
1146 968 1311 1002 videntur
1334 966 1432 1003 haec.

289 1051 323 1084 p.
353 1040 433 1081 380,
468 1049 479 1072 1
514 1039 675 1073 »adulo«.
732 1030 788 1072 De
819 1039 885 1072 hac
910 1050 1001 1073 voce
1028 1040 1157 1073 Plinius
1196 1040 1270 1083 egit
1306 1044 1399 1072 teste
1425 1038 1600 1082 Pompeio

171 1107 319 1143 233,35:
364 1099 488 1143 »plane
513 1099 545 1132 in
573 1099 640 1132 isto
673 1098 785 1132 verbo
812 1098 895 1132 Plin.
925 1098 1003 1135 Sec.
1032 1100 1131 1134 dedit
1157 1110 1264 1133 unam
1291 1098 1468 1133 rationem
1497 1114 1539 1123 ·—
1566 1103 1601 1131 et

170 1159 279 1193 adulo
306 1159 400 1193 illum
428 1164 464 1193 et
488 1159 611 1192 adulor
637 1159 716 1192 illi«.

287 1243 320 1275 p.
352 1232 432 1273 380,
457 1241 481 1273 4
523 1242 715 1274 »auguro«.
767 1230 848 1263 Hoc
875 1230 956 1264 loco
983 1231 1077 1265 idem
1117 1231 1322 1275 exemplum
1358 1230 1601 1274 Vergilianum

170 1291 359 1326 exhibetur
382 1292 427 1324 ad
454 1291 552 1324 cuius
579 1291 855 1335 explicationem
881 1290 1026 1324 Servius
1051 1291 1200 1325 Plinium
1224 1291 1374 1325 adhibet
1399 1290 1506 1336 (Aen.
1534 1289 1601 1324 V11

172 1354 257 1396 273)
299 1351 469 1395 quodque
496 1356 689 1395 propterea
719 1362 740 1384 a
764 1350 877 1384 Plinio
910 1350 1069 1385 adlatum
1098 1364 1175 1386 esse
1195 1352 1359 1399 *videtun
1418 1350 1527 1394 Quod
1560 1350 1602 1386 L.

171 1412 331 1445 Caesaris
365 1412 568 1456 exemplum
602 1422 659 1455 ap.
695 1410 801 1445 Prisc.
837 1411 872 1444 in
909 1411 994 1444 Plini
1029 1412 1188 1455 regulam
1215 1412 1424 1455 (oauguro
1450 1410 1602 1444 dicimus

170 1472 369 1505 secundum
394 1471 552 1510 Plinium,
581 1481 661 1504 cum
680 1471 869 1515 praesagio
889 1471 1018 1504 mentis
1035 1470 1156 1505 futura
1174 1470 1383 1515 colligimus,
1404 1481 1603 1515 auguror

172 1543 257 1566 vero
296 1538 401 1571 tunc,
441 1543 521 1565 cum
563 1531 678 1565 sutura
710 1533 801 1565 veris
839 1537 1025 1577 captamus
1057 1533 1233 1575 auguriis«
1270 1531 1368 1565 Serv.
1404 1530 1489 1575 1.1.)
1528 1541 1598 1563 non

174 1592 348 1631 convenit,
385 1591 467 1624 nihil
503 1592 606 1630 valet,
640 1592 722 1635 quia
754 1592 809 1625 ille
841 1588 948 1624 etia'm
976 1592 1206 1636 exceptiones
1232 1591 1427 1634 adiungere
1452 1590 1603 1624 solebat.

176 1672 220 1677 —
249 1651 383 1696 Vergili
410 1652 430 1687 l.
458 1651 479 1688 l.
506 1652 612 1685 etiam
640 1651 736 1696 apud
761 1651 919 1685 Nonium
940 1652 1072 1694 469,12
1098 1651 1262 1687 occurrit.

290 1735 323 1767 p.
365 1725 497 1766 385,14
541 1724 717 1757 ›medito‹
760 1723 814 1768 (cf.
853 1735 887 1768 p.
926 1724 1092 1766 567‚14).
1146 1723 1277 1756 Plinius
1309 1722 1407 1767 apud
1433 1722 1601 1755 Diomed.

175 1785 307 1828 377,18
334 1783 482 1829 quaerit*
497 1783 583 1828 quid
598 1783 744 1826 *intersit
770 1783 860 1818 iuter
889 1783 1083 1818 ›meditor‹
1105 1788 1141 1817 et
1162 1782 1336 1817 ›meleto‹
1359 1803 1406 1808 --
1427 1787 1483 1817 »et
1501 1786 1605 1828 putat

173 1845 303 1879 Plinius
341 1846 573 1879 meditantem
609 1856 687 1878 esse
723 1855 845 1878 secum
880 1845 1112 1888 cogitantem,
1147 1843 1377 1877 meletantem
1411 1854 1493 1877 cum
1517 1854 1607 1877 voce

177 1905 407 1940 discentem«.
437 1926 482 1930 -—
508 1905 669 1938 Verbum
699 1905 917 1949 ›meleto(r)‹<
947 1905 1021 1938 sive
1052 1904 1262 1949 ›melito(r)‹
1291 1914 1474 1948 perrarum
1492 1908 1546 1937 est
1571 1907 1607 1936 et

174 1978 194 2000 a
218 1966 342 2000 Servio
382 1966 427 1999 ad
463 1966 600 2010 Vergili
633 1965 695 1999 ecl.
730 1965 745 1998 I
772 1974 791 1998 2
820 1965 866 1998 ad
895 1963 1022 1999 Graeci
1049 1966 1203 2010 μελετᾶν
1225 1964 1426 2009 analogiam
1452 1963 1605 2008 fingitur.

113 2067 115 2070 Α
175 2027 363 2060 Praeterea
388 2037 459 2059 non
486 2026 604 2060 inveni
632 2026 696 2059 nisi
722 2025 757 2059 in
782 2024 994 2059 Gothofredi
1019 2037 1072 2070 gr.
1092 2025 1169 2059 Lat.
1199 2036 1234 2069 p.
1266 2025 1333 2058 106
1359 2029 1394 2057 et
1418 2024 1452 2057 in
1480 2023 1602 2057 anecd.

175 2086 313 2121 Helvet.
353 2089 434 2130 289,
476 2096 511 2120 11
553 2086 611 2120 ubi
648 2091 770 2119 tamen
807 2085 902 2119 aliud
939 2085 1127 2119 discrimen
1158 2085 1342 2119 statuitur:
1374 2083 1610 2117 »meditamur

180 2148 310 2187 animo,
339 2147 542 2181 melitamur
567 2157 754 2191 corpore«.

293 2229 326 2262 p.
369 2228 450 2262 393,
495 2228 538 2261 14
581 2218 868 2263 ›comperio(r)‹‚
933 2217 990 2251 De
1030 2217 1098 2251 hac
1135 2227 1225 2251 voce
1263 2216 1371 2250 etiarn
1410 2213 1610 2248 Diomedes

179 2287 259 2323 377,
301 2278 343 2312 16
368 2278 538 2322 >disputat
569 2277 691 2318 Plinio,
729 2282 767 2313 ut
801 2277 950 2314 videtur,
983 2282 1140 2312 auctore.
1199 2275 1291 2310 Nam
1328 2279 1366 2308 ut
1392 2273 1498 2319 paulo
1524 2278 1609 2317 post

176 2339 279 2373 huius
312 2337 446 2381 mentio
480 2339 726 2381 subsequitur,
767 2339 817 2372 ita
851 2337 977 2371 Scauri
1015 2337 1082 2371 »de
1105 2337 1178 2370 vita
1204 2343 1288 2369 sua«
1319 2334 1605 2368 conmemoratio

176 2398 341 2443 proxime
368 2398 558 2437 antecedit,
587 2393 702 2442 quam
722 2398 791 2431 iam
815 2409 852 2442 p.
877 2405 920 2441 31
951 2408 1021 2431 una
1057 2406 1139 2430 cum
1175 2395 1317 2440 reliquis
1342 2393 1457 2427 Plinio
1491 2393 1607 2427 tribui.

296 2469 370 2503 Sed
407 2469 461 2503 his
501 2470 622 2514 paucis
659 2470 816 2503 contenti
844 2469 976 2503 simus.
1005 2497 1007 2499 ,
1041 2469 1098 2502 De
1137 2467 1263 2501 ceteris
1303 2466 1407 2505 enim,
1445 2465 1610 2509 quamvis

905 2557 953 2564 -x
