1751 2750
834 130 875 167 18

139 261 177 284 se
205 250 331 290 ferunt,
364 251 398 284 in
425 250 553 293 quibus
578 255 720 294 praeter
744 250 940 294 Vergilium
968 255 1179 293 ceterosque
1197 249 1361 292 volgares
1381 249 1573 293 scriptores

140 310 198 344 alii
223 322 368 355 quoque
392 315 718 350 conmemorantur,
746 310 900 343 Romani
927 315 1043 343 sunt«.

256 371 382 414 Neque
408 382 495 404 vero
522 370 722 404 Charisium
749 370 867 414 ipsum
893 371 982 404 haec
1009 370 1129 403 omnia
1155 381 1247 413 quae
1283 381 1313 403 c.
1347 369 1426 403 XV.
1464 370 1571 404 conti·
1621 374 1630 384 '

141 435 268 464 nentur
285 430 439 464 Romani
454 430 636 464 doctrinae
653 430 855 473 fragmenta
872 430 1093 475 excerpsisse
1108 429 1327 468 crediderim,
1345 429 1408 462 sed
1422 428 1572 463 alterum

140 492 260 525 nescio
298 502 416 536 quem.
480 491 537 525 Ac
573 491 726 536 primum
768 492 913 535 quidem
955 491 1088 537 ubique
1126 490 1318 534 Vergilius,
1359 501 1431 523 non
1470 489 1571 524 Maro

140 551 244 596 (sicut
268 552 302 584 in
329 563 358 586 c.
386 551 502 595 XVII)
530 548 677 591 dicitur;
704 552 834 585 deinde
860 557 939 585 tota
966 549 1182 594 excerpendi
1208 551 1298 583 ratio
1334 550 1472 583 diversa
1506 555 1570 588 est,

140 610 237 645 velut
262 622 291 644 e.
320 622 355 655 g.
394 611 428 644 in
458 622 487 644 c.
523 610 592 644 XV
624 611 836 656 saepissime
871 616 1058 645 auctorum
1093 610 1236 643 nomina
1276 615 1459 650 tacentur;
1493 615 1571 643 tum

139 682 225 704 vero
251 681 322 703 non
346 671 532 714 probabile
559 676 613 704 est
640 670 839 704 Charisium
865 672 919 704 bis
945 671 1071 704 eadem
1092 671 1330 714 exscripsisse,
1361 670 1570 712 praesertim

139 741 222 764 cum
249 740 340 774 quae
367 730 401 764 in
428 742 457 764 c.
484 730 553 765 XV
582 742 603 764 a
629 730 795 766 Romano
830 731 907 777 ipso
934 730 1060 777 petivit
1085 740 1106 763 a
1140 729 1266 764 ceteris
1303 729 1502 763 distinxerit
1534 735 1571 763 et

140 792 186 825 ad
213 792 362 825 verbum
389 792 602 836 transcripta
627 793 783 826 auctoris
810 792 953 826 nomine
978 791 1191 826 instruxerit.

523 953 587 993 De
618 953 760 993 Plinio
792 953 969 993 Romani
1000 959 1188 992 auctore.

257 1074 451 1117 Postquam
479 1085 571 1117 quae
605 1074 693 1107 ratio
727 1073 817 1106 inter
847 1073 861 1105 Ι
893 1072 971 1105 libri
1004 1083 1031 1105 c.
1065 1072 1135 1106 XV
1170 1078 1206 1105 et
1239 1072 1340 1105 XVII
1371 1071 1568 1106 intercedat

137 1134 387 1177 cognovimus,
414 1133 459 1166 de
485 1133 570 1167 Plini
597 1133 752 1177 reliquiis
786 1144 878 1177 quae
916 1133 950 1165 in
985 1131 1049 1165 illis
1080 1132 1255 1177 capitibus
1288 1138 1449 1166 servatae
1486 1138 1568 1165 sunt

139 1194 242 1227 nobis
267 1194 448 1237 agendum
476 1199 530 1227 est
555 1194 662 1238 idque
678 1194 726 1227 ita
751 1193 987 1238 potissimum,
1016 1198 1054 1226 ut
1071 1204 1164 1237 quae
1189 1198 1329 1237 praeter
1355 1204 1406 1231 ea,
1437 1193 1567 1237 quibus

139 1264 270 1287 nomen
304 1255 466 1287 additum
500 1259 570 1291 est,
607 1254 704 1286 dubii
737 1254 911 1286 sermonis
942 1254 1037 1286 libris
1071 1253 1258 1286 tribuenda
1290 1256 1360 1286 sint
1395 1253 1565 1296 indagare

139 1324 321 1349 conemur.
374 1313 565 1347 Ordiamur
591 1325 611 1346 a
637 1313 785 1357 capite
811 1313 920 1347 XVII.

256 1382 327 1415 Eas
351 1383 622 1416 observationes
647 1393 739 1426 quae
763 1382 810 1416 ad
836 1382 905 1417 abl.
933 1392 986 1424 sg.
1014 1381 1062 1415 III
1087 1382 1174 1416 decl.
1196 1381 1277 1415 ivel
1302 1393 1320 1414 e
1340 1382 1567 1415 terminatum

137 1447 313 1485 spectant,
342 1443 416 1476 iure
434 1443 548 1477 Plinio
567 1443 720 1476 adtribui
740 1454 761 1476 a
781 1441 1059 1476 Schottmijllero
1079 1443 1150 1475 iam
1167 1453 1273 1488 supra
1292 1442 1382 1478 dixi:
1410 1442 1445 1475 id
1471 1442 1568 1486 quod

138 1515 183 1537 eo
222 1503 468 1542 confirmatur,
518 1505 616 1549 quod
654 1515 779 1537 omnes
816 1503 888 1537 fere
926 1504 970 1537 ad
1011 1514 1120 1537 unum
1160 1504 1384 1547 eundemque
1430 1514 1568 1537 canona

138 1563 384 1598 conformatae
419 1571 510 1600 sunt.
564 1564 695 1599 Confer
729 1565 823 1597 enim
849 1576 878 1598 e.
907 1576 941 1607 g.
975 1572 1050 1600 121.
1081 1573 1135 1596 21.
1170 1572 1247 1606 124,
1276 1572 1331 1597 22.
1366 1572 1442 1607 127,
1472 1572 1502 1607 7.
1530 1572 1565 1605 9.

140 1624 196 1657 26.
230 1633 307 1670 143,
338 1632 367 1667 5.
397 1634 427 1669 7.
458 1627 490 1668 8.
524 1635 574 1661 11.
608 1626 683 1668 146,
718 1633 768 1668 15.
804 1634 854 1669 17.
890 1633 930 1667 19
954 1634 1036 1657 cum
1063 1625 1113 1657 eis
1145 1624 1275 1667 quibus
1309 1623 1395 1656 Plini
1436 1634 1566 1656 nomen

137 1685 342 1729 adpositum
369 1690 424 1719 est
455 1695 531 1725 120,
561 1686 616 1721 26.
647 1695 702 1728 30.
737 1695 812 1725 121,
847 1694 897 1726 14.
933 1693 1009 1726 143,
1041 1694 1068 1720 1.
1101 1685 1177 1726 146,
1207 1693 1262 1718 21.
1315 1683 1456 1717 Deinde
1481 1694 1565 1717 non-

138 1755 335 1789 numquam
361 1752 444 1790 post
470 1747 634 1792 exempla
660 1747 745 1780 Plini
778 1746 921 1780 nomine
955 1745 1110 1779 carentia
1143 1745 1317 1778 adseritur
1355 1749 1414 1777 »ut
1439 1744 1566 1777 Plinius

138 1805 171 1838 in
197 1806 346 1839 eodem«
375 1807 431 1840 vel
457 1807 526 1840 tale
544 1808 641 1851 quid,
669 1808 725 1841 cui
750 1807 892 1841 adcedit
915 1808 1013 1851 quod
1039 1805 1186 1847 ablativi
1203 1804 1367 1850 exempla
1384 1805 1566 1850 conpluria

138 1877 210 1899 uno
236 1871 361 1900 tenore
387 1878 426 1901 se
453 1867 645 1913 excipiunt.
698 1868 779 1903 Alia
806 1873 1021 1912 argumenta
1036 1867 1212 1902 Schottm.
1234 1878 1267 1912 p.
1289 1874 1333 1910 37
1353 1865 1399 1899 ab
1417 1865 1565 1900 auctori-

140 1927 207 1960 bus
234 1926 383 1960 laudatis
409 1928 543 1972 petivit.
632 1914 633 1917 Ἴ

254 1995 470 2038 Fragmenta
497 2008 588 2042 quae
624 1997 670 2029 de
708 1997 864 2030 ablativo
899 1996 1111 2030 exhibentur
1143 1996 1306 2040 quamvis
1338 1995 1490 2029 lacerata
1517 1995 1565 2028 ita

137 2061 219 2088 sunt
256 2061 472 2098 conparata,
506 2062 544 2090 ut
570 2058 736 2090 omnibus
770 2057 1023 2099 conprehensis
1060 2061 1178 2089 certae
1208 2056 1393 2089 cuiusdam
1424 2055 1566 2098 regulae

139 2115 384 2158 cognitionem
423 2116 611 2161 adquirere
651 2117 841 2161 possimus.
908 2117 990 2150 Plini
1030 2121 1260 2161 praeceptum
1295 2116 1423 2149 rectius
1457 2125 1566 2160 quam

138 2175 324 2210 Detlefsen
352 2177 482 2221 (symb.
512 2176 633 2220 philol.
661 2177 773 2213 Bonn.
803 2189 835 2222 p.
868 2186 937 2221 700
961 2178 1055 2223 sqq.)
1082 2176 1280 2210 Brambach
1315 2177 1565 2211 reconcinnare

138 2241 288 2270 conatus
315 2241 377 2270 est.
431 2236 488 2270 De
522 2237 706 2271 adiectivis
739 2238 833 2271 enim
860 2237 907 2270 III
932 2237 1174 2271 declinationis
1201 2236 1383 2270 Detlefsen
1410 2224 1490 2271 cum
1515 2236 1565 2269 sic

139 2301 310 2331 statueret
336 2298 384 2342 (p.
417 2298 509 2343 703),
536 2298 564 2331 si
591 2298 636 2331 ad
664 2298 846 2331 hominem
879 2297 1107 2338 referrentur,
1144 2308 1187 2331 ea
1212 2298 1247 2330 in
1273 2309 1312 2338 e,
1350 2298 1378 2330 si
1405 2298 1451 2331 ad
1478 2308 1562 2338 rem,

138 2358 172 2390 in
200 2358 210 2390 i
236 2357 336 2398 finiri,
366 2364 511 2392 coactus
537 2364 591 2392 est
617 2369 650 2402 p.
686 2368 762 2402 143,
797 2369 808 2392 1
843 2359 959 2392 ,rudis
991 2378 1027 2393 -,
1050 2379 1097 2383 --
1116 2369 1134 2392 a
1161 2358 1236 2392 rudi
1264 2358 1420 2397 homine,
1448 2369 1470 2392 a
1487 2358 1565 2392 rudi

138 2418 268 2459 animo,
297 2430 317 2451 a
342 2419 420 2452 rudi
448 2419 613 2453 consilio«
651 2420 822 2453 adversus
848 2419 1003 2452 Romani
1035 2419 1284 2452 auctoritatem
1311 2429 1332 2451 a
1360 2418 1471 2453 Plinio
1505 2418 1565 2452 ab·
