1751 2750
847 171 894 204 24

151 278 187 312 id
214 283 269 312 est
295 278 329 311 in
356 277 540 322 singulari,
578 278 643 312 erit
679 278 776 322 quod
810 279 959 312 edimus.
1013 278 1103 312 Item
1133 277 1168 311 hi
1202 277 1293 312 sales
1325 277 1505 322 pluraliter
1531 281 1582 312 ur-

153 339 321 372 banitatis
365 338 530 378 alicuius,
577 344 633 373 ut:
672 338 797 371 sales
833 339 974 372 infusi
1010 338 1190 381 (nintussic
1228 329 1325 383 cod.)
1362 337 1582 372 adhaere-

157 404 325 433 scunt«
356 398 414 445 (cf.
447 398 604 445 Charis).
659 398 765 443 Quae
803 400 930 434 eadem
968 399 1037 433 hoc
1062 399 1229 444 exemplo
1256 400 1390 433 omisso
1416 399 1451 433 in
1476 397 1585 442 Capri

153 460 242 494 libro
277 460 322 494 de
357 460 515 503 orthogr.
550 460 592 494 K.
629 460 695 494 V11
737 469 820 499 102.
861 471 873 494 1
917 466 1133 505 repetuntur.
1194 459 1306 503 Atqui
1342 459 1583 493 nominativos

158 521 280 555 »salis«
308 521 406 564 apud
430 521 585 555 Nonium
618 532 652 565 p.
690 529 756 564 223
785 521 832 556 M.
868 521 1018 564 legitur:
1062 520 1162 554 »salis
1195 531 1327 564 genere
1354 519 1574 554 masculino«

155 592 184 615 e.
213 592 247 625 q.
276 592 323 620 s.,
364 582 423 624 qui
458 580 578 614 titulus
612 580 694 614 ideo
726 592 747 613 a
771 580 881 614 Plinio
914 581 1097 625 profectus
1130 591 1208 614 esse
1239 580 1432 614 existimari
1461 579 1581 619 debet,

156 641 238 684 quia
269 641 389 674 »salis«
420 641 680 674 nominativom
706 651 726 673 a
754 640 848 674 nullo
874 640 943 674 alio
971 640 1205 685 grammatico
1232 640 1419 684 adgnitum
1439 639 1582 673 scimus.

156 702 232 736 Iam
257 713 342 736 vero
369 701 575 746 exemplum
600 701 854 735 Terentianum
882 713 902 735 a
930 702 1048 736 Nonio
1083 701 1242 735 adlatum
1272 701 1379 735 etiam
1407 701 1440 734 in
1469 699 1584 744 Sergii

155 772 246 805 quae
273 761 380 795 fertur
406 761 660 806 explanatione
686 761 721 794 in
748 761 932 794 Donatum
959 761 1002 794 K.
1032 761 1082 795 IV
1111 768 1189 804 542,
1221 769 1260 794 12
1286 760 1341 805 (cf.
1370 760 1479 794 etiam
1506 759 1583 794 Ser-

155 822 251 856 vium
278 823 324 856 ad
350 822 440 856 Aen.
466 823 480 856 1
508 823 568 866 35)
605 827 723 855 exstat
748 822 815 855 sub
842 822 945 855 titulo
976 822 1082 861 »sal«,
1119 823 1179 867 qui
1210 822 1244 856 in
1278 821 1405 855 ceteris
1439 832 1585 866 prorsus

156 894 237 916 cum
271 882 374 917 Char.
410 894 444 926 p.
479 883 544 916 106
577 887 752 915 consonat
787 888 822 915 et
856 875 937 915 cum
972 882 1040 915 hoc
1065 893 1110 915 ex
1144 893 1215 915 uno
1250 882 1451 925 eodemque
1487 881 1585 914 fonte

156 942 268 978 fluxit.
320 942 390 976 Pro
421 942 592 976 ›Marius‹
622 947 744 976 autem
780 942 876 987 apud
904 941 1067 987 Sergium
1099 942 1272 977 »Fabius«
1301 941 1582 986 legendum·est,

157 1003 193 1037 id
230 1003 328 1048 quod
367 1002 548 1037 Charisius
588 1008 623 1035 et
661 1002 749 1036 alius
786 1003 891 1036 Probi
931 1003 1029 1036 locus
1069 1003 1128 1048 (K.
1169 1004 1219 1036 IV
1257 1012 1336 1045 209.
1372 1005 1429 1047 21)
1465 1002 1580 1035 docet.

159 1062 384 1096 Conmunem
422 1074 505 1096 vero
550 1062 685 1096 fontem
718 1068 866 1107 propter
901 1062 1007 1096 Nonii
1041 1063 1160 1097 locum
1192 1063 1278 1096 Plini
1315 1062 1443 1095 librum
1477 1061 1584 1096 fuisse

157 1124 274 1158 credo.
302 1145 349 1150 —
375 1124 531 1158 Adcedit
563 1129 683 1157 autem
713 1123 808 1157 aliud
850 1129 1117 1167 argumentum,
1154 1129 1193 1158 ut
1219 1123 1303 1157 mihi
1329 1123 1477 1162 videtur,
1507 1133 1584 1167 gra-

156 1184 351 1219 vissimum.
404 1184 547 1218 Etenim
579 1184 675 1227 apud
711 1183 912 1223 Charisium
939 1184 1166 1230 (Romanum)
1197 1184 1276 1229 plus
1303 1183 1413 1217 semel
1437 1183 1584 1227 (Papiri)

156 1244 304 1279 Fabiani
335 1244 540 1289 philosophi
572 1245 681 1278 verba
711 1245 925 1280 exhibentur
946 1246 1063 1290 idque,
1097 1246 1124 1278 si
1142 1256 1163 1278 a
1194 1250 1316 1278 nostro
1346 1245 1426 1277 loco
1459 1244 1584 1277 disces-

156 1305 253 1344 seris,
282 1317 315 1349 p.
351 1313 433 1347 105,
467 1314 509 1345 14
547 1305 780 1349 ›palpetras«,
811 1314 895 1346 142,
937 1315 979 1347 14
1018 1306 1251 1344 »radicium«,
1285 1305 1361 1347 146,
1397 1306 1441 1337 28
1468 1304 1583 1338 »volu-

156 1366 310 1405 crium«,
351 1365 409 1399 ubi
443 1365 636 1398 earundem
675 1376 862 1399 causarum
900 1365 1110 1400 naturalium
1146 1365 1222 1399 libri
1261 1369 1583 1400 conmemorantur.

154 1425 318 1470 Quorum
357 1425 540 1460 titulorum
578 1426 791 1471 posteriores
830 1426 902 1460 duo
943 1427 1057 1460 Plinio
1094 1427 1278 1460 debentur.
1345 1426 1455 1470 Apud
1495 1425 1581 1459 alios

157 1488 412 1532 grammaticos
436 1487 583 1520 Fabiani
609 1486 744 1520 mentio
769 1497 914 1530 perraro
940 1486 978 1521 fit
991 1488 1024 1532 ¹),
1053 1498 1168 1530 neque
1193 1487 1227 1520 id
1253 1486 1380 1520 mirum
1407 1491 1471 1525 est,
1499 1496 1580 1519 cum

160 1548 220 1592 qui
256 1553 370 1582 artem
403 1548 596 1591 scripturus
632 1552 706 1581 erat
738 1558 809 1581 non
843 1547 941 1582 facile
977 1548 1085 1582 libros
1118 1547 1164 1581 ad
1199 1558 1315 1581 rerum
1353 1552 1516 1580 naturam
1548 1551 1585 1581 et

159 1608 325 1641 animalia
349 1613 552 1651 spectantes
577 1608 699 1641 adiret.
753 1607 905 1640 Plinium
934 1619 1019 1640 vero
1044 1628 1092 1632 —
1117 1607 1213 1650 quod
1240 1618 1284 1639 ne
1310 1607 1509 1649 neglexeris
1535 1626 1583 1631 —-

161 1667 326 1702 novimus
364 1667 398 1701 in
426 1672 495 1701 nat.
524 1666 603 1701 hist.
632 1666 792 1701 Fabiano
828 1673 974 1701 auctore
1000 1667 1095 1701 haud
1121 1679 1199 1701 raro
1225 1678 1304 1701 esse
1330 1678 1433 1700 usum
1461 1666 1519 1711 (cf.
1546 1676 1580 1710 9,

162 1740 194 1772 g,
223 1735 278 1770 25.
318 1737 369 1766 12,
397 1737 430 1770 9,
461 1736 516 1762 20.
557 1735 609 1769 15.
639 1736 670 1766 2,
698 1737 729 1768 4.
773 1729 824 1766 18,
852 1728 909 1766 68,
939 1728 1009 1770 276
1042 1728 1132 1771 alia).
1184 1728 1287 1771 Quae
1320 1738 1401 1760 cum
1428 1727 1476 1760 ita
1501 1727 1582 1766 sint,

159 1787 313 1822 Romani
342 1793 437 1821 certe
463 1787 561 1821 locos
587 1798 730 1827 omneS,
763 1788 822 1821 ubi
849 1787 1028 1822 Fabianus
1055 1788 1266 1828 nominatur,
1293 1787 1405 1821 Plinio
1430 1787 1585 1821 tribuere

160 1849 287 1884 audeo.
342 1848 509 1882 Similiter
535 1849 663 1882 Plinius
695 1849 791 1882 solus
817 1860 836 1882 e
867 1849 1107 1892 grammaticis
1133 1849 1318 1893 Hyginum
1348 1849 1413 1882 »de
1438 1849 1584 1893 agricul-

159 1914 258 1943 tura«
289 1908 402 1953 (Char.
439 1918 515 1951 142,
550 1910 602 1953 15)
637 1914 673 1942 et
698 1909 859 1952 Trogum
890 1909 955 1942 ›de
979 1909 1210 1943 animalibus«
1251 1908 1365 1954 (Char.
1398 1918 1474 1953 137,
1501 1919 1524 1953 9
1549 1914 1585 1943 et

166 1979 242 2009 102,
276 1978 336 2010 10;
366 1970 410 2003 de
434 1969 504 2003 hoc
529 1969 608 2003 loco
633 1981 664 2003 ν.
692 1981 724 2014 p.
754 1972 812 2015 27)
837 1961 966 2009 laudat,
994 1981 1145 2014 quorum
1163 1976 1311 2014 uterque
1338 1970 1371 2003 in
1398 1975 1466 2004 nat.
1500 1970 1581 2004 hist.

160 2031 285 2064 crebro
313 2030 347 2063 in
373 2030 618 2063 testimonium
644 2035 802 2065 vocatur.

275 2090 351 2124 Iam
386 2096 504 2124 cetera
541 2090 802 2134 perlustremuS.
861 2090 973 2124 Plinio
1006 2090 1103 2124 haud
1138 2091 1244 2124 dubie
1280 2091 1430 2124 debetur
1463 2090 1585 2124 titulus

163 2151 380 2184 »insomnia«
416 2159 492 2189 101,
526 2159 576 2193 17.
632 2150 687 2183 De
713 2150 802 2183 illius
828 2151 921 2183 enim
956 2150 1087 2194 placito
1114 2151 1281 2183 certiores
1307 2150 1388 2183 facti
1415 2161 1537 2184 sumus
1562 2161 1584 2184 a

160 2210 284 2245 Servio
318 2210 364 2243 ad
400 2210 492 2251 Aen,
521 2210 570 2244 IV
594 2219 627 2253 9,
662 2210 722 2254 qui
758 2210 943 2254 disputans
975 2215 1091 2243 utrum
1123 2209 1192 2243 hoc
1225 2221 1327 2244 versu
1365 2210 1580 2251 »insomnia«

281 2356 300 2395 ¹)
323 2358 431 2384 Praeter
451 2358 528 2384 locos
551 2357 606 2383 iam
627 2357 715 2384 dictos
736 2357 786 2383 hos
808 2356 881 2383 solos
903 2357 1071 2383 invenimus:
1094 2357 1130 2383 K.
1152 2366 1191 2391 gr.
1214 2357 1246 2383 L.
1268 2357 1292 2382 V
1313 2362 1377 2392 590,
1398 2363 1429 2391 17
1455 2362 1584 2391 »strues«,

159 2409 226 2436 ibid.
249 2415 314 2444 591,
341 2416 370 2434 1»
387 2428 393 2435 .
417 2429 423 2435 .
445 2429 450 2434 .
474 2413 503 2435 ut
523 2408 678 2435 Fabianus:
701 2409 756 2435 sal
777 2409 906 2441 mixtus«,
928 2417 1010 2443 quem
1031 2408 1122 2435 locum
1143 2417 1205 2435 cum
1226 2408 1414 2443 superioribus
1434 2417 1467 2434 ex
1487 2408 1586 2435 eodem

160 2460 234 2488 fonte
255 2460 382 2487 haustum
403 2460 526 2496 adparet,
549 2459 668 2495 denique
693 2459 821 2486 Diomed.
845 2465 910 2494 375,
934 2466 978 2492 22,
1002 2459 1048 2485 ubi
1071 2459 1105 2486 de
1125 2459 1312 2486 salliendo
1335 2456 1384 2496 (l)
1407 2459 1505 2494 agitur.
