1751 2750
816 157 861 187 22

120 267 275 302 videtur.
303 289 347 294 -—
374 266 538 302 Alterum
565 275 815 314 argumentum
843 282 914 305 non
940 270 1060 305 inutile
1087 270 1263 307 Schottm.
1290 282 1324 315 p.
1352 281 1394 314 41
1425 271 1551 314 adfert,

121 330 221 374 quod
252 339 329 372 141,
360 338 399 373 31
443 329 613 364 Varronis
639 331 684 365 de
711 331 832 375 lingua
858 331 983 366 Latina
1009 330 1288 366 ad.Ciceronem
1313 332 1391 367 libri
1409 332 1553 368 laudan-

121 395 188 431 tur,
229 402 382 436 quorum
417 392 575 436 cognitio
600 392 683 426 alibi
716 392 763 426 ab
795 393 926 427 eodem
952 393 1062 427 Plinio
1096 392 1258 437 profecta
1285 399 1349 429 est.
1379 414 1423 419 —-
1451 393 1551 428 Cete-

122 463 198 485 rum
226 463 318 497 quae
344 451 456 486 Plinio
489 453 721 492 vindicamus,
750 464 793 487 ea
820 464 865 486 ex
890 459 991 498 parte
1018 458 1200 487 recurrunt
1225 454 1260 487 in
1288 453 1389 488 Serv.
1427 465 1557 489 conm.1

120 513 166 546 ad
193 513 288 548 Don.
315 519 399 556 435,
432 522 491 546 12:
523 513 694 557 »legimus
720 513 814 547 enim
840 514 937 558 apud
961 514 1232 548 Ciceronem
1257 513 1385 547 horum
1403 525 1550 558 poema·

118 578 248 614 torum,
275 573 329 607 his
354 574 532 619 poematis
559 579 595 608 et
620 574 667 608 ab
694 574 748 608 his
772 575 984 619 poematis«.

238 645 311 678 Iam
345 656 431 678 vero
464 645 632 679 nonnulla
667 646 816 688 addam,
856 657 947 690 quae
982 646 1066 680 mihi
1098 652 1239 691 praeter
1271 658 1314 681 ea
1350 658 1443 691 quae
1479 648 1550 681 iam

121 704 335 751 perlustrata
374 711 457 739 sunt
494 717 512 740 e
547 706 634 740 Plini
673 706 763 741 libro
801 708 915 752 petita
953 718 1031 742 esse
1071 708 1246 742 videntur.
1299 707 1355 742 Ac
1394 708 1548 752 primum

121 766 266 811 quidem
293 778 364 800 non
386 767 512 801 dubito
531 767 669 801 titulum
701 768 869 802 »turbem
897 775 974 811 145,
997 770 1016 802 8
1036 779 1150 812 aeque
1167 779 1209 802 ac
1230 768 1377 802 »turboc
1404 777 1481 810 144,
1503 777 1549 812 30

122 827 233 861 Plinio
259 827 482 869 adiudicare,
515 828 723 872 praesertim
751 839 832 861 curn
864 828 930 861 illic
961 839 1106 872 quoque
1142 839 1272 862 nomen
1302 829 1488 874 proprium
1513 834 1549 862 et

120 887 278 933 procella
313 892 350 921 et
385 887 523 921 buxum
558 888 803 933 distinguatur.
858 887 1093 922 Scribendum
1126 894 1244 923 autem
1271 894 1346 923 erat
1371 900 1402 922 v.
1436 898 1477 924 10
1497 879 1548 923 ‘ni-

120 949 247 982 mirum
279 947 524 989 »turbinem«,
553 949 635 993 quia
661 949 725 983 nisi
751 949 784 982 in
811 949 955 983 nomine
986 950 1134 994 proprio
1164 949 1412 987 ›Turbonem‹
1441 961 1547 984 nemo

119 1010 264 1044 admisit
295 1011 351 1055 (cf.
389 1011 492 1045 Prisc.
521 1011 534 1044 I
571 1019 651 1054 207,
684 1011 747 1056 17).
800 1010 939 1044 Deinde
970 1010 1215 1044 ›Alexander‹
1248 1021 1372 1054 »ager«
1407 1019 1485 1052 122,
1513 1020 1544 1054 3.

118 1080 142 1113 4
169 1076 204 1104 et
235 1071 465 1105 ›Euandrus‹
501 1072 577 1110 128,
612 1080 622 1104 1
654 1082 734 1104 cum
767 1070 948 1104 ›aestifer‹
983 1079 1059 1110 120,
1087 1079 1106 1112 4
1145 1071 1317 1104 artissime
1354 1070 1547 1105 cohaerent

118 1132 341 1175 eandemque
380 1132 581 1165 doctrinam
609 1142 694 1175 prae
722 1143 760 1165 se
786 1131 909 1165 serunt.
970 1132 1051 1171 128,
1084 1140 1094 1164 1
1126 1131 1204 1164 Keil
1231 1132 1323 1165 adeo
1347 1132 1547 1176 suspicatur

118 1190 208 1225 Plini
243 1202 374 1225 nomen
409 1191 638 1226 intercidisse.
691 1191 738 1224 Et
764 1202 866 1230 sane,
899 1192 927 1224 si
959 1191 1112 1234 ›inquit‹
1143 1201 1213 1224 non
1240 1190 1453 1224 inculcatum
1480 1196 1544 1231 est,

118 1251 218 1285 iuxta
245 1252 415 1295 ›opilius‹
455 1251 625 1296 ›plinius‹
661 1251 761 1285 facile
796 1251 911 1285 omitti
944 1252 1070 1296 potuit.
1125 1251 1290 1295 Denique
1325 1262 1359 1295 p.
1394 1259 1473 1294 127,
1502 1260 1545 1284 22

121 1312 334 1356 ›elephans‹
373 1324 403 1347 e.
439 1323 474 1355 q.
508 1323 533 1344 S.
571 1311 690 1344 nescio
725 1323 769 1344 an
806 1323 827 1345 a
862 1312 971 1345 Plinio
998 1311 1158 1355 prosecta
1184 1311 1269 1350 sint,
1306 1311 1389 1354 quia
1415 1311 1545 1354 partim

117 1383 199 1406 cum
226 1371 327 1406 titulo
357 1382 522 1406 »amans«
559 1380 642 1412 122,
671 1373 711 1412 8,
739 1372 866 1418 partim
902 1383 982 1406 cum
1008 1371 1283 1417 *quaestionibus
1318 1371 1363 1405 de
1390 1370 1460 1407 abl.
1489 1382 1544 1416 sg.

122 1432 294 1466 institutis
317 1433 521 1468 cohaerent.

231 1505 429 1548 Postquam
462 1516 491 1540 c.
521 1505 620 1538 XVIl
658 1504 894 1544 confecimus,
932 1505 978 1537 ad
1013 1515 1072 1537 eas
1107 1504 1286 1548 capitis
1311 1503 1381 1537 XV
1411 1507 1543 1548 partes,

115 1576 207 1610 quae
233 1577 253 1599 e
279 1566 430 1599 Romani
459 1565 555 1599 libris
583 1565 770 1604 fluxerunt,
798 1570 1030 1599 transeamus.
1084 1565 1139 1598 De
1170 1575 1242 1608 quo
1269 1564 1386 1607 capite
1413 1564 1447 1596 in
1473 1563 1545 1596 uni-

60 1633 61 1636 ’
114 1636 253 1660 versum
280 1626 474 1660 tenendum
502 1631 556 1660 est
581 1625 680 1671 quod
713 1637 820 1670 supra
855 1626 942 1665 dixi,
982 1630 1231 1670 excerptorem
1269 1623 1382 1658 multo
1409 1624 1544 1657 maiore

62 1680 63 1683 ¹
114 1698 220 1731 quam
241 1686 436 1720 Charisium
464 1698 567 1720 usum
586 1687 725 1720 licentia
743 1687 950 1730 plerumque
969 1686 1113 1719 nomina
1131 1691 1318 1719 auctorum
1337 1696 1357 1718 a
1373 1685 1543 1719 Romano

112 1747 348 1781 iudicatorum
375 1747 545 1781 omisisse.
597 1747 672 1780 Iam
702 1747 817 1786 initio,
847 1747 1052 1791 priusquam
1079 1745 1298 1791 progrediar,
1327 1745 1431 1779 liceat
1457 1744 1542 1778 mihi

108 1819 161 1857 ‘ea
190 1819 282 1853 quae
313 1807 429 1842 adhuc
462 1808 618 1842 Pliniana
648 1819 725 1842 esse
763 1807 999 1851 cognovimus
1038 1807 1094 1841 vel
1134 1807 1263 1850 quibus
1289 1806 1375 1840 Plini
1411 1817 1541 1840 nomen

113 1867 276 1901 additum
301 1873 354 1901 est
381 1867 446 1901 sub
472 1873 706 1912 conspectum
733 1868 912 1901 subicere:

348 1978 381 2011 p.
412 1973 466 2008 55,
496 1974 514 2007 3
543 1977 623 1999 osse
650 1979 694 1999 z
728 1967 875 2008 138,18

407 2026 516 2067 64,26
541 2026 647 2059 turbo
674 2038 718 2058 z
750 2034 825 2067 144,
853 2034 899 2068 30

413 2096 519 2131 73,12
548 2086 688 2131 plurum
714 2099 758 2119 z
793 2093 868 2129 125,
898 2096 916 2129 3

387 2146 519 2190 *8330
545 2146 754 2181 Alexander
779 2159 822 2179 z
858 2148 955 2186 128,1
986 2145 1090 2191 (conl.
1125 2153 1202 2185 122,
1232 2147 1266 2190 3)

386 2207 464 2251 *9o,
496 2216 515 2251 7
543 2207 645 2252 panis
674 2219 718 2239 z:
751 2216 827 2249 141,
857 2215 903 2240 20

406 2276 515 2312 95,22
542 2267 631 2302 ficus
658 2280 702 2300 z
736 2269 812 2306 128,
841 2275 886 2309 27

388 2337 465 2369 100,
495 2338 518 2372 9
545 2327 664 2362 Arabs
691 2339 735 2360 z
768 2335 845 2370 123,
873 2328 893 2360 8

387 2398 515 2432 100,14
542 2389 720 2433 amphora
746 2401 791 2422 z
825 2388 878 2432 56,
906 2398 929 2431 4
1663 2428 1665 2430 v
1697 2393 1751 2464 ..³⁴

386 2459 463 2495 105,
491 2461 516 2494 4
542 2451 671 2485 oscinis
697 2469 745 2483 :
774 2458 851 2493 139,
883 2459 919 2483 11
