1751 2750
866 147 915 189 46

171 263 316 297 Terenti
350 273 495 308 quoque
529 263 732 297 studiosum
766 262 873 297 fuisse
899 275 918 298 e
951 263 1056 300 Char.
1090 270 1168 305 142,
1200 264 1252 299 18.
1280 272 1335 297 21.
1366 272 1406 307 31
1438 267 1474 299 et
1497 263 1604 299 Prisc.
1648 292 1654 299 ,

172 323 255 363 262.
286 333 339 368 19.
369 333 409 358 21
439 324 612 358 novimus.

286 385 428 429 Quodsi
451 384 629 419 sententia
655 395 736 418 mea
761 389 842 425 stat,
868 390 905 418 et
929 384 1129 419 Charisium
1155 384 1438 430 (Palaemonem)
1466 386 1600 431 22.s18

170 445 228 489 (z
255 456 352 479 exce.
379 444 486 481 Char.
518 453 596 490 539,
631 447 685 491 12)
724 445 881 480 indidem
919 446 1079 482 hausisse
1103 445 1302 491 putaverim
1327 456 1392 479 nee
1417 455 1489 479 non
1510 444 1602 490 frag·

171 506 281 540 menti
307 505 495 540 Bobiensis
521 510 705 539 auctorem
730 505 774 540 K.
799 506 835 540 V
862 513 941 550 555,
967 506 999 542 6,
1053 506 1166 551 Apud
1189 505 1284 540 hunc
1308 511 1432 540 autem
1462 505 1602 540 subiun-

171 566 267 610 gitur
290 566 385 600 aliud
403 566 547 600 Terenti
567 566 772 612 exemplum
804 566 899 600 »eius
916 567 1017 604 anuis
1044 568 1187 612 (»anu'1'‹
1216 566 1312 610 cod.)
1338 577 1478 606 causa«,
1508 566 1606 611 quod

169 627 245 660 sine
271 625 381 660 dubio
407 638 452 662 ex
479 626 608 660 eodem
634 625 732 660 fonte
758 626 928 671 profluxit
960 631 1069 671 atque
1093 631 1212 661 cetera
1251 625 1308 671 (cf.
1334 625 1436 660 Char.
1474 633 1528 669 54,
1558 636 1598 671 31

170 688 278 732 sqq.),
307 687 327 723 i.
355 698 386 723 e.
413 698 494 722 mea
525 686 703 720 sententia
739 697 784 720 ex
818 686 904 720 Plini
935 687 1041 722 libris.
1102 686 1143 720 Id
1178 687 1277 731 quod
1310 686 1417 720 etiam
1455 687 1629 722 seorsim·

170 748 325 793 probare
352 748 523 787 conabor,
550 758 622 792 quo
649 758 691 781 ea
717 757 809 792 quae
834 748 879 782 de
905 748 1084 782 Prisciano
1111 747 1184 781 dixi
1212 747 1424 782 muniantur.
1479 748 1603 793 Atque

170 808 265 842 idem
294 808 438 852 quidem
464 808 709 842 testimonium
736 808 770 842 in
798 809 926 843 eadem
952 809 1163 854 quaestione
1187 807 1345 843 adfertur
1370 814 1406 843 et
1443 819 1465 843 a
1496 809 1602 846 Prisc.

176 870 257 910 268,
290 879 327 904 11
361 883 405 903 z
436 870 517 913 363,
551 879 562 903 1
595 875 631 904 et
656 858 818 904 a‘Gellio
845 876 937 904 noct.
966 870 1042 908 Att.
1072 870 1122 904 IV
1152 870 1204 910 16,
1235 879 1267 910 2,
1294 870 1354 914 qui
1382 869 1502 915 Capro
1528 881 1602 905 non

174 941 259 963 usus
283 935 348 965 est.
398 930 449 963 At
467 930 656 963 conmunis
675 929 754 964 fons
772 930 871 975 isque
891 930 980 964 Gelli
998 935 1116 964 aetate
1135 930 1296 976 superior
1312 930 1462 965 subesse
1481 930 1600 967 debet.

170 991 425 1025 Kretzschmer
443 991 509 1024 »de
521 991 729 1025 auctoribus
743 992 787 1025 A.
811 990 913 1025 Gellii
928 991 1190 1036 grammaticis«
1201 1004 1233 1037 p.
1247 1000 1293 1034 97
1309 1012 1349 1016 —-
1361 992 1602 1036 adstipulante

173 1051 319 1085 Hertzio
346 1051 380 1084 in
407 1051 521 1085 annal.
546 1051 665 1096 philol.
694 1052 763 1086 vol.
791 1053 833 1094 85
863 1064 895 1096 p.
927 1060 994 1095 797
1021 1072 1067 1076 —
1099 1050 1346 1096 probabilibus
1378 1052 1600 1096 argumentis

171 1111 429 1146 demonstravit
454 1110 667 1146 Caesellium
692 1112 881 1145 Vindicem
907 1112 942 1145 in
967 1112 1025 1146 illo
1051 1112 1167 1157 capite
1194 1123 1216 1146 a
1240 1110 1356 1146 Gellio
1390 1123 1467 1146 esse
1506 1104 1602 1149 adhi-

169 1172 294 1206 bitum.
349 1172 423 1206 Sed
449 1183 531 1205 cum
557 1171 622 1215 frg.
650 1172 740 1207 Bob.
768 1178 949 1206 auctorem
984 1184 1100 1216 neque
1135 1172 1385 1208 demonstrariv
1408 1174 1521 1219 possit
1555 1185 1602 1207 ex
1650 1167 1659 1173 ⁴

167 1233 328 1267 Vindicis
368 1232 464 1266 libris
502 1232 663 1267 hausisse
702 1238 738 1266 et
773 1233 884 1270 Plinio
930 1244 1034 1270 usum
1070 1244 1148 1267 esse
1187 1232 1339 1266 dilucide
1379 1233 1549 1279 adpareat
1561 1235 1599 1279 ¹),

170 1293 300 1327 deinde
328 1304 409 1327 cum
435 1293 581 1327 Vindex
614 1304 758 1337 quoque
794 1305 814 1326 e
844 1293 1047 1330 Cassiodori
1089 1293 1267 1338 excerptis
1300 1293 1357 1327 vel
1389 1295 1601 1329 tenuissimis

144 1359 386 1398 .coarguatur
418 1353 503 1388 Plini
537 1353 661 1399 copias
693 1354 728 1387 in
767 1365 868 1387 usum
909 1366 1012 1388 suum
1043 1353 1260 1388 convertisse
1276 1352 1311 1399 ²),
1347 1352 1410 1398 srg.
1447 1354 1535 1389 Bob.
1564 1361 1600 1389 et

169 1413 260 1449 Gelli
285 1414 403 1449 locum
430 1426 449 1450 e
475 1414 589 1449 Plinio
615 1414 772 1459 pendere
798 1425 939 1449 censeo.
992 1414 1150 1449 Adcedit
1182 1415 1282 1459 quod
1315 1415 1411 1460 apud
1446 1414 1600 1450 Gellium

168 1476 189 1512 l.
215 1475 235 1510 l.
263 1486 424 1521 eaquae
451 1476 496 1510 de
521 1475 690 1520 genetivo
715 1475 769 1508 uis
794 1475 984 1509 terminato
1008 1475 1188 1511 dicuntur:
1220 1474 1288 1509 ‚M.
1328 1475 1528 1511 Varronem
1564 1483 1600 1512 et

168 1536 205 1573 P.
232 1536 416 1581 Nigidium
443 1557 489 1562 —
517 1536 834 1582 comperimus
862 1547 932 1570 non
959 1536 1060 1572 aliter
1085 1537 1225 1571 locutos
1251 1548 1329 1570 esse
1357 1542 1392 1570 et
1415 1537 1601 1583 scripsisse

168 1608 277 1642 quam
313 1597 544 1637 senatuis,
579 1597 778 1636 domuis,
806 1596 1021 1633 fluctuis‹
1050 1608 1115 1630 nos
1141 1597 1232 1631 ultro
1257 1597 1452 1631 admonent
1484 1597 1598 1632 simili-

169 1669 229 1691 um
253 1657 349 1704 apud
375 1656 479 1693 Char.
511 1665 588 1699 143.
623 1666 681 1693 12:
713 1658 941 1691 ‚senatuis
974 1663 1021 1691 ut
1055 1656 1257 1694 fluctuis.
1297 1658 1345 1691 ita
1376 1659 1595 1702 genetivum,

168 1718 282 1763 inquit
299 1718 442 1757 Plinius,
459 1717 718 1753 declinabant«.
739 1738 785 1742 -
802 1717 878 1751 Iam
902 1729 998 1757 vero,
1023 1718 1051 1751 si
1068 1717 1255 1762 fragmenti
1272 1717 1459 1752 Bobiensis
1476 1721 1600 1752 auctor

167 1778 281 1813 Plinio
310 1778 420 1813 etiam
447 1777 505 1812 illo
534 1777 594 1812 illo
613 1789 697 1812 usus
723 1772 787 1819 est,
814 1777 908 1813 idern
928 1778 973 1812 de
990 1778 1168 1813 Prisciano
1194 1778 1337 1824 insuper
1361 1778 1620 1817 confirmatur.¹

289 1949 309 1988 ¹)
331 1950 413 1985 Quae
442 1949 477 1976 de
509 1950 565 1978 abl.
598 1959 640 1985 ες.
673 1950 715 1976 111
743 1949 813 1976 decl.
845 1949 881 1976 K.
902 1949 927 1974 V
950 1949 1014 1984 560,
1041 1956 1070 1976 11
1095 1958 1154 1985 sqq.
1184 1950 1324 1979 docentur,
1346 1950 1374 1977 in
1394 1951 1495 1986 quibus
1514 1960 1539 1978 v.
1562 1958 1599 1986 30

166 2002 271 2029 Plinius
300 2002 464 2033 nominatur,
498 2001 553 2028 iam
585 2001 749 2033 Brambach,
781 2000 842 2027 Lat.
875 2001 954 2026 Orth.
978 2010 1003 2035 p.
1031 2000 1083 2026 166
1115 2000 1178 2026 huic
1209 2005 1282 2027 recte
1310 2001 1405 2027 omnia
1434 2001 1598 2036 adsignavit.

166 2052 339 2085 Quibuscum
370 2050 565 2085 coniungenda
595 2056 658 2077 sunt
687 2051 741 2076 alia
772 2059 798 2085 p.
823 2050 887 2084 562,
910 2055 955 2083 35.
998 2049 1106 2076 Deinde
1127 2049 1161 2075 cf.
1185 2050 1249 2084 556,
1288 2056 1319 2083 17
1353 2058 1417 2085 sqq.
1449 2051 1597 2087 praecipue

170 2102 290 2129 »virum«
324 2110 387 2128 cum
408 2101 502 2128 Servio
523 2098 560 2128 ad
580 2101 650 2127 Aen.
673 2101 701 2127 11
726 2100 776 2128 18:
801 2101 935 2127 »virum
955 2109 1005 2135 pro
1035 2100 1211 2134 virorum,
1233 2109 1288 2136 qua
1310 2100 1397 2136 figura
1419 2106 1445 2128 et
1466 2102 1494 2128 in
1515 2111 1597 2138 prosa

167 2153 275 2180 utimur.
297 2153 363 2179 dicit
395 2161 461 2179 sane
483 2152 586 2179 Plinius
616 2152 726 2178 hocin
759 2157 892 2178 neutro
923 2160 996 2178 non
1017 2160 1075 2178 esse
1106 2151 1273 2180 faciendum.
1306 2152 1408 2179 scilicet
1439 2157 1600 2188 propter

165 2212 316 2230 casuum
336 2202 652 2235 similitudinem,
674 2202 727 2229 nisi
747 2202 816 2229 sorte
836 2202 921 2228 nimia
943 2203 1059 2229 metri
1080 2202 1317 2229 necessitas
1337 2207 1448 2237 cogat«.
1465 2219 1500 2224 —
1516 2203 1596 2237 Quae

168 2259 297 2282 secuntur
310 2254 345 2281 de
360 2254 453 2281 dativo
473 2253 501 2281 in
519 2253 621 2280 »abus«
645 2253 788 2279 desinente
808 2252 844 2279 cs.
868 2261 930 2279 cum
946 2252 1027 2280 Char.
1048 2260 1108 2287 129,
1129 2259 1181 2287 13;
1203 2262 1229 2288 p.
1247 2252 1311 2288 558,
1329 2252 1346 2279 8
1370 2253 1421 2280 »il«
1445 2253 1505 2290 (pu
1518 2254 1598 2290 gil,

166 2304 294 2343 vigil),
320 2312 353 2339 19
377 2305 439 2334 »ul«
464 2302 599 2341 (consu
617 2303 638 2340 1)
661 2312 725 2330 cum
746 2302 828 2330 Char.
855 2303 919 2339 136,
943 2311 990 2331 22.
1419 2300 1422 2302 ’

281 2355 303 2393 ²)
327 2355 405 2382 Idem
436 2354 526 2381 Lucili
556 2355 632 2381 locus
663 2355 710 2389 qui
741 2354 816 2389 apud
838 2353 921 2381 Char.
954 2354 998 2387 78,
1026 2361 1059 2381 ιο
1090 2364 1106 2382 a
1127 2355 1217 2382 Plinio
1240 2353 1378 2382 'laudatur
1400 2354 1447 2391 (de
1466 2356 1595 2391 genetivo

169 2405 329 2443 »Numeriq
362 2406 389 2432 in
410 2405 566 2431 Cassiodori
588 2405 720 2440 excerptis
741 2404 777 2430 K.
799 2404 853 2432 VII
875 2405 943 2442 206,
967 2405 1001 2433 26
1022 2405 1193 2440 significatur
1213 2406 1276 2432 licet
1293 2420 1327 2427 -
1350 2405 1464 2435 fortasse
1485 2414 1594 2448 excerp·

168 2457 233 2489 toris
253 2457 334 2497 culpa
357 2472 392 2476 —
415 2465 470 2482 non
490 2461 562 2486 recte
583 2456 743 2491 explicatus,
