1751 2750
820 151 864 184 28

126 266 330 300 Romanum
357 265 502 301 Gellii
527 278 644 302 rerum
671 267 852 313 scriptoris
871 270 1013 302 exstant
1038 265 1325 306 memorafiones,
1352 276 1412 300 eas
1428 276 1553 300 omnes

128 326 243 360 Plinio
268 327 475 362 adtribuere
510 339 581 362 non
608 329 743 362 dubito.
797 328 941 362 Etenim
966 331 1105 371 praeter
1129 327 1164 360 id
1191 326 1430 370 fragmentum
1456 327 1554 371 quod

126 398 160 432 p.
195 394 249 431 55,
277 395 297 432 7
325 405 373 421 Ξ
397 397 473 432 139,
504 397 523 422 2
563 388 618 435 (cs.
647 389 754 423 etiam
781 388 889 423 Prisc.
914 388 928 422 Ι
957 388 1036 431 318.
1065 396 1097 429 4,
1126 386 1282 431 Caprum
1308 387 1353 422 K.
1379 386 1446 422 VII
1477 395 1553 428 100,

134 451 164 493 1)
190 460 211 482 a
238 449 348 484 Plinio
371 455 550 489 servatum
579 455 642 489 est,
670 449 812 489 Gellius,
841 450 940 483 cuius
958 449 1054 494 apud
1072 448 1160 482 alios
1183 449 1437 492 grammaticos
1461 459 1554 482 nova

127 508 327 553 fragmenta
353 520 425 543 non
452 510 588 550 inveni,
618 510 781 544 laudatur
809 518 871 554 71,
909 518 954 553 29
984 508 1155 548 »sorum«,
1188 515 1241 552 54,
1272 515 1313 551 25
1345 519 1550 553 ›regerum‹

130 569 383 615 ›lapiderum«,
416 579 469 614 54,
497 573 634 613 13—18
660 571 819 616 septiens
843 571 888 604 de
914 570 1037 604 dativo
1064 569 1119 603 vel
1137 569 1291 603 ablativo
1308 568 1395 614 plur.
1420 570 1548 603 ›abus‹

125 629 237 665 finito.
305 630 429 674 Atque
465 631 552 665 haec
610 637 792 676 postrema
830 641 915 664 sane
960 642 979 664 e
1027 629 1112 664 Plini
1149 629 1262 674 copiis
1309 628 1436 663 hausta
1475 640 1553 664 esse
1588 621 1595 628 ’

126 702 170 724 eo
204 691 420 730 ostenditur,
457 692 554 735 quod
590 691 647 725 hic
683 692 728 726 de
764 692 889 726 eadem
923 702 959 725 re
995 691 1029 724 in
1064 702 1092 724 c.
1121 690 1222 724 XVII
1253 690 1348 724 idem
1382 690 1550 734 disputat.

126 750 256 785 Confer
281 751 374 784 enirn

127 823 161 856 p.
181 819 235 855 54,
257 821 316 847 10:
341 812 497 845 »deabus
516 818 553 845 et
571 811 765 844 libertabus
792 810 996 844 filiabus·
1047 819 1293 854 cum129,13:
1325 811 1552 845 ›Filiabus

125 883 229 917 que,
278 872 378 917 quod
415 872 535 906 iuris
567 871 709 916 periti
764 871 998 907 instituerunt.
1051 871 1096 904 in
1123 871 1467 905 testamentis
1491 872 1551 906 ob

127 933 449 977 ambiguitatis
466 931 914 976 secernendaescil.gratia
918 958 974 965 .....
984 946 997 963 ‹
1052 932 1298 967 discrimen
1331 943 1470 966 sexus
1502 933 1552 968 ait

134 995 192 1027 16:
227 1004 351 1038 ›quae.
379 999 417 1027 ut
435 994 518 1032 dixi,
547 1004 688 1026 sexus
715 992 1002 1026 ostendendi
1055 992 1187 1026 Plinius
1221 992 1289 1026 dici
1324 1003 1549 1028 consuesse«.

124 1065 143 1087 c
155 1065 176 1087 a
189 1066 210 1087 u
223 1065 240 1087 s
252 1064 273 1087 a
299 1053 440 1087 defendi
467 1058 651 1096 possunt«.

124 1124 251 1158 Cetera
285 1136 371 1158 vero
407 1124 565 1158 eiusdem
603 1124 749 1167 originis
784 1134 861 1156 esse
894 1128 1002 1166 atque
1035 1123 1091 1156 illa
1125 1124 1201 1157 iure
1225 1124 1389 1157 contendi
1417 1128 1547 1166 potest.

123 1184 280 1218 Adcedit
319 1184 416 1227 quod
453 1184 487 1217 in
523 1189 593 1219 nat.
631 1184 710 1217 hist.
752 1182 885 1217 Gellius
922 1183 1134 1227 aliquotiens
1172 1188 1296 1216 auctor
1334 1183 1546 1222 nominatur,

122 1245 230 1288 idque
257 1244 367 1278 semel
393 1244 485 1278 adeo
512 1245 557 1278 de
584 1256 620 1278 re
647 1243 879 1288 grammatica
905 1243 950 1287 (7,
984 1244 1076 1287 192),
1103 1243 1236 1277 scilicet
1262 1244 1306 1277 de
1344 1243 1549 1278 inventione

121 1305 312 1339 literarum.
354 1304 473 1348 Quam
501 1316 575 1339 rem
595 1304 702 1338 etiam
730 1304 763 1337 in
791 1303 887 1338 dubii
906 1303 1079 1337 sermonis
1104 1303 1198 1337 libris
1223 1308 1411 1338 tractatam
1432 1303 1545 1348 ‚fuisse

124 1365 206 1399 inde
231 1365 386 1404 conicio,
422 1365 519 1408 quod
551 1365 676 1398 similia
703 1375 785 1398 cum
811 1364 893 1398 alibi
919 1369 996 1397 turn
1023 1364 1120 1408 apud
1146 1364 1295 1397 Marium
1321 1365 1546 1398 Victorinum

124 1425 168 1461 K.
207 1425 258 1459 VI
292 1434 354 1469 23,
388 1434 430 1467 14
465 1437 542 1469 sqq.
591 1429 752 1464 exstant,
797 1425 857 1458 ubi
897 1424 1059 1469 adaeque
1103 1423 1292 1458 Gellius
1333 1425 1423 1459 inter
1459 1425 1546 1459 alios

122 1491 288 1520 auctores
322 1485 488 1520 adfertur.
540 1486 656 1520 Porro‘
683 1484 918 1519 conferendus
951 1490 1004 1519 est
1042 1484 1220 1519 Maximus
1255 1485 1460 1519 Victorinus
1498 1486 1543 1522 K.

119 1546 169 1579 VI
201 1555 285 1588 194,
327 1555 377 1585 11,
416 1546 474 1590 qui
509 1546 585 1580 sine
619 1546 730 1579 dubio
765 1545 894 1578 eodem
931 1545 1028 1579 fonte
1056 1549 1128 1589 quo
1152 1546 1285 1579 Marius
1311 1546 1354 1579 V.
1382 1557 1465 1580 usus
1491 1553 1548 1581 est

120 1608 164 1652 (v.
191 1607 294 1641 Peter
328 1605 406 1640 hist.
443 1607 546 1642 Rom.
581 1607 677 1652 reliq.
712 1618 746 1650 p.
775 1615 823 1648 40
847 1606 986 1651 adnot.)
1022 1612 1058 1640 et
1094 1607 1221 1640 mirum
1259 1612 1431 1652 quantum
1465 1619 1546 1643 cum

120 1667 235 1700 Plinio
261 1668 450 1703 consentit.

296 1765 404 1798 Max.
433 1765 734 1800 Victorinus:
1149 1765 1344 1799 Plinius:

122 1836 214 1880 »Qui
251 1824 352 1880 primi
386 1837 579 1870 litterarum
622 1837 824 1870 inventores
880 1837 1053 1871 »Litteras
1095 1848 1240 1881 semper
1279 1838 1431 1872 arbitror
1457 1838 1547 1872 As-

119 1896 226 1931 fuisse
243 1896 451 1931 traduntur?
470 1897 684 1937 Phoenices,
705 1908 828 1942 quam·
877 1898 1041 1941 syriis
1077 1897 1203 1938 fuisse,
1240 1898 1302 1931 sed
1332 1898 1388 1932 alii
1414 1899 1548 1943 apud

117 1957 171 1990 vis
208 1957 264 1990 alii
303 1957 582 2001 Assyrios,
622 1958 678 1991 alii
714 1957 829 1991 Mer·
882 1958 1182 2002 Aegyptios
1216 1969 1238 1991 a
1264 1957 1546 1999 Mercurio,

118 2018 315 2052 curium
357 2018 490 2063 apud
527 2018 831 2063 Aegyptios
883 2023 921 2052 ut
953 2017 1183 2059 Gellius,
1220 2018 1277 2053 alii
1314 2019 1410 2064 apud
1438 2019 1549 2064 Syros

116 2079 294 2112 adserunt.
337 2079 384 2112 in
412 2078 684 2112 Graeciam
711 2084 832 2111 certe
883 2084 1042 2122 repertas
1056 2079 1189 2114 volunt.
1206 2080 1327 2123 utique
1348 2080 1387 2113 in
1404 2079 1548 2113 Grae-

117 2137 354 2173 Cadmum
397 2138 708 2172 Phoenicem
750 2138 833 2172 XVI
886 2139 1012 2173 ciam
1039 2139 1294 2174 attulisse
1326 2151 1346 2174 e
1385 2140 1546 2175 Phoe·

117 2199 379 2233 attulisse
420 2204 560 2232 constat
605 2199 836 2243 iisque
887 2199 1002 2232 nice
1044 2199 1284 2233 Cadmum
1324 2200 1425 2234 XVI
1464 2212 1549 2235 nu-

117 2259 319 2293 Troiano
350 2258 478 2293 bello
513 2259 837 2293 Palamedem
889 2269 1029 2299 mero,
1054 2259 1397 2303 quibusTroiano
1422 2260 1548 2295 bello

116 2320 363 2354 addidisse
396 2320 456 2359 IV,
493 2332 515 2366 η
541 2329 571 2364 ψ
594 2332 616 2365 χ
647 2332 693 2364 φ,
730 2325 835 2364 post
885 2320 1166 2355 Palameden
1204 2321 1473 2355 adiecisse
1497 2321 1549 2356 IV

114 2391 223 2415 eum
264 2379 586 2416 Simonidem
620 2380 830 2417 melicum
882 2380 949 2416 hac
974 2380 1098 2428 figura,
1129 2372 1549 2429 ηψφχ,ῐοῖίἀεὲυ
