1751 2750
140 294 208 335 est,
233 289 478 335 quiexempla
495 291 684 330 verborum
701 292 877 327 interdum
899 292 991 328 ultro
1008 292 1172 338 citroque
1197 291 1308 326 oculis
1329 290 1570 338 perlustravit,

142 351 240 397 velut
263 361 308 396 p..
326 359 407 396 392,
425 352 446 385 8
471 362 561 396 sqq,
588 353 719 398 partim
745 352 875 399 Capro,
901 354 962 398 qui
988 364 1258 398 nonnumquam
1274 351 1573 398 exemplo-alicui

141 415 294 455 tractato
319 404 447 447 similia
473 416 583 455 atque
610 417 764 456 cognata
795 413 987 454 subiunxit,
1022 413 1059 447 id
1091 414 1188 458 quod
1220 413 1328 447 etiam
1358 413 1395 447 in
1421 412 1456 446 V
1482 411 1572 446 libro

139 471 455 507 animadvertimus
480 471 524 516 (v.
551 483 586 517 p.
619 472 695 515 169,
727 480 770 506 10
794 482 1042 516 cupressus
1068 473 1231 516 platanus
1264 473 1420 519 populus
1454 472 1572 506 laurus

139 552 188 558 —-
207 538 247 574 15
274 530 411 576 lepus
438 543 554 576 agnus
578 533 634 566 leo
658 552 696 558 —
714 532 756 565 18
782 531 973 574 Tiberis
998 534 1111 567 amnis
1136 554 1180 558 —
1203 542 1282 577 170,
1308 543 1333 575 4
1356 533 1570 567 Histrum

138 591 305 639 Rhenum
329 592 535 636 Tanagrum
553 597 632 627 etc..
659 602 740 626 cum
764 593 951 636 sequentia
968 598 1063 627 recte
1089 594 1305 638 procedant:
1324 593 1427 630 iubar
1455 593 1571 638 liquor

141 661 298 700 papaver
324 660 434 698 penus
461 661 567 698 pecus
596 657 673 689 rete
699 661 809 689 sexus
827 661 959 697 specus
976 652 1053 698 sal).
1102 653 1142 686 In
1165 653 1249 688 VIII
1267 654 1358 688 libro
1384 653 1566 688 literarum

140 712 229 746 ordo
255 723 299 746 eo
326 712 470 757 insuper
495 713 714 752 obscuratur,
744 712 843 757 quod
874 724 947 747 vox
979 712 1143 758 primaria
1178 725 1269 758 quae
1301 725 1367 759 pro
1401 714 1570 748 lemmate

139 777 214 807 erat
238 772 371 806 omissa
395 778 459 812 est,
487 773 582 807 velut
607 784 642 818 p.
673 773 754 816 396,
788 781 831 813 19
870 773 1033 817 ›nequit‹
1060 778 1144 819 post
1185 774 1299 818 »quib
1341 774 1568 808 conlocatum

139 837 224 873 erat,
250 844 285 878 p.
326 841 406 877 379,
449 840 466 876 5
508 844 750 878 ›consequor‹
787 838 871 879 post
908 844 1133 878 ›assequor‹.
1195 834 1334 868 Deinde
1366 846 1400 879 p.
1436 836 1562 878 382.‚1

138 894 204 927 sub
230 893 332 927 litera
364 905 385 927 a
422 894 492 928 iam
531 894 691 928 »testari«
729 899 899 928 tractatur
930 899 1077 939 propter
1111 900 1307 938 cognatum
1343 895 1566 934 ›antestari‹‚

138 954 236 999 quod
262 954 344 987 ideo
369 954 481 989 verbo
513 955 864 1003 »exsecroreexcipi
887 954 1038 994 videtur,
1068 954 1166 998 quod
1192 959 1274 1000 post
1302 959 1502 989 ›antestor‹
1532 959 1567 988 et

142 1019 295 1048 »testor«
339 1015 538 1058 »detestor«
575 1015 663 1049 illius
696 1027 938 1060 synonymum
970 1019 1118 1061 propter
1150 1015 1350 1059 perfectum
1383 1015 1566 1059 passivom

137 1074 208 1108 huc
235 1075 423 1118 pertinens
439 1075 598 1109 adlatum
624 1080 712 1111 erat.
763 1076 886 1119 Atque
910 1067 1163 1109 alia-similiter
1195 1086 1234 1109 se
1264 1074 1409 1109 habent.
1463 1074 1566 1118 Quae

136 1134 245 1169 verba
270 1146 303 1178 p.
335 1143 415 1179 379,
443 1146 467 1178 4
493 1147 569 1180 sqq.
598 1141 861 1176 enumerantur,
893 1147 1018 1170 eorum
1045 1136 1250 1169 testimonia
1268 1135 1302 1169 in
1336 1135 1568 1177 sequentibus

137 1206 243 1239 pagg.
273 1195 401 1229 eodem
429 1195 500 1229 sere
533 1197 656 1230 ordine
691 1196 915 1236 exhibentur,
954 1196 1144 1240 utrobique
1177 1201 1297 1228 autem
1334 1196 1445 1229 iustus
1477 1195 1567 1229 ordo

136 1256 387 1290 tantummodo
417 1266 528 1301 usque
547 1257 592 1290 ad
609 1257 746 1291 literam
773 1256 790 1290 f
811 1260 970 1290 servatus
987 1260 1051 1291 est.
1104 1255 1244 1289 Deinde
1270 1266 1312 1289 ea
1339 1255 1447 1289 series
1475 1265 1568 1300 quae

135 1327 170 1360 p.
201 1325 280 1360 392,
314 1317 356 1351 16
381 1316 478 1351 litera
510 1329 546 1351 m
570 1318 803 1363 abrumpitur,
831 1329 866 1363 p.
896 1317 976 1361 396,
1010 1326 1061 1358 11,
1090 1317 1151 1351 ubi
1177 1317 1288 1358 verba
1314 1316 1444 1351 eodem
1470 1327 1567 1361 spec-

140 1378 251 1411 tantia
276 1383 480 1418 tractantur,
511 1379 684 1423 excipitur
710 1384 746 1412 et
772 1379 818 1412 ad
844 1378 950 1412 finem
987 1378 1196 1422 producitur
1220 1388 1333 1421 usque
1365 1377 1411 1411 ad
1442 1382 1563 1410 ›utor‹

135 1444 166 1471 v.
199 1447 217 1471 2
225 1445 255 1481 5,
284 1444 467 1483 postremo
486 1439 649 1483 *denique
675 1439 843 1473 nonnulla
867 1439 992 1473 iterum
1019 1438 1065 1472 ab
1092 1449 1127 1471 m
1154 1449 1234 1472 orsa
1260 1438 1447 1472 adduntur.

253 1499 354 1532 Haec
389 1500 496 1542 igitur
533 1500 653 1533 omnia
689 1511 783 1543 quae
820 1500 1000 1533 literarum
1039 1499 1201 1532 ordinem
1239 1499 1398 1541 produnt
1432 1509 1478 1532 ex
1512 1498 1565 1531 eis

135 1568 227 1603 quae
252 1558 325 1592 dixi
352 1558 469 1603 Capro
499 1559 687 1592 tribuenda
718 1564 809 1592 sunt.
874 1558 1008 1593 Contra
1040 1563 1145 1592 extra
1179 1558 1358 1592 literarum
1397 1557 1563 1591 ordinem

135 1618 240 1663 Capri
267 1619 378 1662 copiis
404 1620 570 1653 nonnulla
588 1619 729 1653 aliunde
754 1619 881 1653 hausta
897 1631 918 1653 a
943 1619 1120 1653 Prisciano
1143 1619 1285 1653 inmista
1302 1629 1382 1652 esse
1410 1617 1564 1651 dilucide

135 1678 274 1712 ostendi
292 1683 421 1722 potest.
460 1679 568 1712 Velut
586 1691 620 1723 p.
641 1688 722 1722 390,
753 1687 772 1723 7
791 1679 974 1723 conpluria
999 1679 1165 1723 exempla
1184 1689 1205 1712 a
1222 1678 1321 1712 solo
1347 1677 1565 1722 Vergilio

136 1739 352 1783 deprompta
376 1744 565 1782 ponuntur,
601 1739 728 1783 quibus
754 1751 788 1784 p.
826 1749 906 1783 390,
935 1740 991 1779 26,
1031 1739 1091 1773 ubi
1123 1738 1231 1784 Capri
1256 1739 1366 1773 series
1403 1737 1565 1782 quamvis

139 1804 223 1843 post
267 1800 375 1833 breve
419 1799 556 1833 initium
598 1805 790 1844 praerupta
830 1799 1027 1838 incohatur,
1074 1799 1437 1833 ›vetustissimorum‹
1480 1809 1565 1831 usus

121 1860 343 1904 -opponitur.
409 1859 482 1894 Sed
509 1860 674 1904 graviora
709 1860 898 1894 adcedunt.
962 1860 1054 1893 Nam
1097 1859 1289 1893 »nutritor«
1332 1864 1368 1893 et
1409 1858 1560 1892 ›bellor‹

138 1930 218 1952 cum
257 1920 392 1953 eisdem
428 1920 602 1964 exemplis
641 1920 854 1964 Vergilianis
902 1924 1112 1964 repetuntur
1150 1930 1222 1952 uon
1260 1918 1377 1952 solum
1416 1930 1450 1963 p.
1481 1926 1561 1961 393,

140 1979 182 2013 16
229 2000 277 2005 -—
312 1979 371 2014 ubi
410 1979 512 2025 plura
560 1979 767 2024 Vergiliana
802 1979 1040 2020 subsecuntur
1081 2000 1128 2005 —
1172 1979 1236 2013 sed
1275 1978 1383 2013 etiam
1423 1978 1493 2014 vol.
1532 1977 1563 2011 11

136 2040 216 2082 364,
266 2049 301 2071 11
347 2040 479 2088 (XV111
518 2040 778 2073 institutionum
817 2040 933 2083 libro),
978 2040 1039 2073 ubi
1073 2039 1191 2083 Caper
1225 2039 1373 2075 omnino
1399 2050 1470 2072 non
1506 2038 1564 2071 ad-

133 2097 267 2144 hibitus
292 2110 295 2112 ·
316 2111 394 2133 esse
438 2099 586 2133 videtur.
670 2099 844 2134 Attamen
889 2097 1067 2144 putaverit
1119 2099 1314 2144 quispiam,
1346 2098 1562 2132 Priscianum

135 2170 250 2203 pauca
295 2160 352 2193 illa
383 2160 495 2194 semel
535 2167 555 2193 e
596 2165 767 2194 contextu
805 2160 992 2205 diripuisse
1031 2164 1067 2193 et
1102 2165 1231 2204 postea
1269 2170 1307 2192 se
1352 2159 1467 2204 ipsum
1505 2169 1563 2191 ex·

135 2219 336 2264 scripsisse:
371 2220 407 2253 id
437 2219 534 2263 quod
570 2218 764 2254 luculenter
796 2219 1020 2263 redarguitur
1051 2218 1195 2252 conlato
1235 2217 1358 2252 Servio
1389 2218 1435 2251 ad
1470 2216 1561 2259 Aen.

134 2278 184 2312 XI
208 2279 291 2327 660.
321 2280 381 2313 ubi
407 2290 520 2324 aeque
547 2284 654 2324 atque
687 2279 784 2325 apud
816 2279 1035 2318 Priscianum
1065 2291 1099 2325 p.
1136 2287 1206 2322 390
1244 2277 1377 2312 ›bellor
1414 2276 1565 2310 nutritor

134 2340 371 2383 praecipitor«
402 2350 487 2373 una
513 2343 827 2378 conmemorantur
851 2339 1058 2385 eisdemque
1085 2338 1297 2373 testimoniis
1324 2337 1561 2376 inlustrantur,

136 2398 230 2434 unde
255 2399 455 2433 Priscianus
480 2398 536 2438 illa
562 2408 638 2433 non
660 2410 681 2433 e
705 2399 796 2434 serie
825 2398 1053 2444 alphabetica
1078 2398 1225 2433 arbitrio
1259 2396 1412 2441 elegisse
1437 2396 1564 2430 evinci-

134 2463 199 2492 tur.
225 2503 227 2505 ι
254 2459 364 2494 Porro
391 2459 489 2503 apud
539 2458 703 2493 Servium
737 2459 901 2510 adnAen.
934 2460 956 2505 ,Ι
993 2468 1060 2501 104
1093 2458 1227 2492 invenis
1263 2458 1389 2491 iterum
1431 2456 1565 2491 »bellor
