1751 2750
867 178 905 213 ¹3

58 298 85 304 ‘⁴
109 277 284 333 'sscripta
311 300 388 322 esse
414 288 630 321 credendum
651 293 719 321 est.
771 288 1013 330 Eiusdemque
1038 285 1322 319 Milesiarum
1348 284 1476 317 librum
1495 282 1577 316 XIII

154 348 191 393 (1)
215 346 356 393 saepius
382 348 417 380 in
451 352 572 380 nostro
606 348 724 392 capite
756 347 944 392 excerpsit.
974 367 1020 372 —
1044 345 1209 380 Titinii
1245 355 1389 391 quoque
1426 342 1575 383 fabulas,

2 452 7 458 ί
34 400 62 418 ,r
89 401 92 405 ⁴
129 412 137 415 ”
154 409 344 454 praecipue
369 408 563 442 Barbatum
597 414 633 442 et
659 408 827 448 Setinam,
866 409 1083 454 excerpsisse
1118 407 1278 450 arguitur
1312 411 1348 439 et
1381 405 1414 438 A
1431 404 1578 438 franii

22 467 50 505 ⁷.
93 512 95 517 ‚
153 470 312 514 inprimis
345 469 617 514 Emancipatum
651 475 687 503 et
720 470 929 514 Vopiscum.
959 489 1003 494 —-
1029 467 1342 502 Ciceroniana
1367 466 1442 499 sine
1467 465 1579 499 dubio

154 541 201 565 ex
232 530 378 565 diversis
413 528 571 563 fontibus
605 529 792 566 fluxerunt.
845 530 987 564 Etenim
1020 541 1112 574 quae
1139 540 1158 562 e
1183 528 1392 563 Tusculanis
1418 548 1464 553 —
1489 526 1575 561 XIV

154 592 221 625 loci
248 602 268 625 e
294 591 371 625 solo
397 591 427 624 II
452 590 559 624 libro!
589 608 635 617 -ι-
651 591 674 637 ¹)
701 596 736 625 et
763 592 807 624 de
833 596 1017 624 senectute
1044 611 1090 615 —-
1117 590 1182 623 XII
1208 589 1275 622 loci
1303 609 1348 614 —
1375 588 1573 626 laudantur,

154 663 175 685 a
199 651 362 685 Romano
387 661 433 693 ejx
459 650 545 694 ipsis
570 650 666 684 libris
691 651 870 694 exscripta
896 655 987 689 sunt,
1021 650 1103 694 quia
1131 660 1201 683 non
1227 660 1340 694 pauca
1366 649 1486 689 verba,
1513 648 1578 682 sed

155 713 311 747 continui
337 712 405 746 loci
432 717 691 756 proponuntur.
744 711 825 745 Alia
841 710 935 744 haud
955 721 1069 753 pauca
1086 721 1106 743 a
1133 710 1331 743 Statilio
1356 709 1575 748 Maximo,

92 798 109 805 ,.
156 773 216 817 qui
246 773 311 805 »de
338 771 573 814 singularibus
600 771 694 817 apud
718 770 924 804 Ciceronem
953 780 1095 814 quoque
1121 770 1266 814 positis«
1296 770 1343 814 (v.
1362 781 1396 813 p.
1422 777 1497 812 194,
1523 778 1574 802 11.

156 832 237 870 218,
257 831 295 875 6)
322 830 472 874 scripsit,
502 831 733 872 descendunt,
762 842 855 875 quae
872 842 914 866 eo
933 831 1206 874 distinguuntur,
1234 830 1330 874 quod
1348 829 1577 864 solummodo

118 932 121 935 Α
155 891 264 925 verba
300 891 346 924 de
380 892 508 934 quibus
542 891 660 935 agitur
693 893 815 937 paucis
849 893 978 928 additis
1012 897 1049 925 et
1080 892 1156 925 libri
1188 890 1415 934 inscriptione
1448 891 1578 924 omissa

156 953 355 997 ponuntur?
401 952 462 985 Ab
489 952 617 986 eodem
645 952 795 992 Statilio,
823 953 922 987 cuius
941 953 1005 986 nisi
1031 951 1129 997 apud
1146 952 1348 985 Romanum
1376 950 1577 995 fragmenta

156 1032 203 1037 --
228 1016 400 1056 quantum
426 1013 591 1055 equidem
616 1014 690 1047 scio
710 1034 754 1039 —
774 1025 844 1048 non
871 1018 1015 1053 restant,
1042 1023 1158 1057 pauca
1184 1011 1445 1047 Catoniana
1473 1012 1580 1046 etiam

124 1098 127 1100 -
155 1073 231 1106 libri
258 1073 400 1108 nomine
434 1074 567 1107 omisso
604 1080 747 1119 recepta
779 1080 871 1115 sunt,
905 1075 940 1108 in
974 1075 1103 1118 quibus
1129 1073 1221 1107 Cato
1254 1084 1396 1116 semper
1424 1084 1575 1106 ›senex‹

155 1138 322 1168 vocatur:
355 1144 464 1177 quare
501 1142 580 1175 219,
622 1144 664 1177 19
699 1146 843 1179 quoque
878 1141 914 1169 et
940 1143 1020 1174 221,
1049 1136 1069 1168 8
1106 1133 1245 1168 Statilio
1279 1133 1434 1167 tribuere
1467 1133 1579 1166 nullus

157 1193 290 1228 dubito.
344 1192 479 1228 Contra
514 1194 655 1229 aliunde
686 1201 829 1241 sumpta
860 1201 941 1230 sunt
972 1195 1138 1240 exempla
1168 1194 1234 1228 ›M.
1265 1193 1413 1228 Catonis
1443 1194 1580 1228 dierum

157 1255 331 1287 dictarum
358 1255 403 1287 de
429 1256 614 1290 consulatu
643 1267 743 1290 suo«.

271 1315 310 1348 In
335 1315 574 1359 grammaticis
606 1316 702 1351 libris
735 1317 830 1351 idem
861 1316 933 1351 fere
966 1317 1129 1353 cernitur.
1183 1316 1333 1351 Leviora
1369 1315 1467 1350 velut
1491 1315 1575 1350 Cae-

148 1376 239 1418 ,sellii
271 1376 451 1415 Vindicis,
486 1377 596 1415 Celsi,
633 1378 755 1410 Marcii
788 1377 958 1410 Salutaris
991 1377 1337 1409 conmemorationes
1370 1381 1578 1419 praetere03

160 1435 244 1468 item
272 1435 455 1475 Varronis,
484 1435 606 1476 Probi,
634 1436 802 1475 aliorum,
838 1447 990 1481 quorum
1027 1436 1190 1470 notitiam
1216 1436 1400 1471 Romanus
1433 1434 1582 1470 fortasse

160 1507 180 1528 e
215 1496 470 1530 recentioribus
509 1497 647 1541 scriptis
685 1497 813 1531 hausit.
866 1498 917 1531 At
954 1498 1039 1540 quin
1074 1497 1273 1530 Acronis
1310 1498 1350 1529 in
1385 1497 1582 1530 Terenti

159 1555 347 1600 Adelphos
371 1561 407 1589 et
433 1557 646 1590 Eunuchum
673 1557 935 1591 conmentarios
972 1557 1100 1591 ceteris
1126 1556 1369 1601 grammaticis
1398 1567 1470 1590 non
1496 1568 1578 1601 cog-

160 1616 332 1662 nitos(!),
360 1628 451 1661 quos
477 1618 511 1651 in
537 1619 740 1652 universum
764 1624 818 1652 ter
843 1618 986 1652 deciens
1019 1618 1140 1651 laudat
1165 1618 1211 1651 ad
1246 1618 1395 1650 verbum
1422 1617 1494 1651 fere
1521 1630 1579 1652 ex-

159 1677 311 1720 scriptos
338 1677 383 1710 de
409 1677 531 1721 eisque
562 1687 645 1720 192,
676 1686 721 1719 30
747 1678 914 1711 iudicium
941 1677 1007 1711 fert
1037 1677 1229 1710 ›Helenius
1254 1678 1374 1711 Acron
1402 1688 1581 1712 commen-

158 1736 266 1776 tariis,
294 1748 386 1781 quos
410 1737 585 1782 Adelphis
607 1738 752 1772 Terenti
778 1749 849 1772 non
875 1738 1097 1782 indiligentes
1123 1738 1277 1777 attulit«,
1306 1750 1392 1782 prae
1418 1739 1582 1772 manibus

157 1796 322 1830 habuerit
346 1798 496 1831 dubitari
522 1809 592 1831 non
618 1803 748 1842 potest.
801 1797 962 1841 Quorum
989 1798 1149 1830 locorum
1174 1797 1225 1830 IV
1252 1798 1285 1831 in
1313 1797 1404 1832 libro
1430 1798 1475 1832 de
1501 1809 1579 1832 ana-

158 1856 254 1901 logia
280 1864 432 1898 exstant,
460 1870 550 1902 quos
567 1858 766 1898 Momwski,
794 1864 832 1892 ut
857 1858 927 1891 iam
953 1858 1123 1898 videmus,
1152 1869 1340 1906 perperam
1368 1871 1388 1893 e
1412 1860 1581 1894 conmuni

159 1929 240 1951 cum
266 1930 294 1952 c.
323 1919 391 1952 XV
418 1919 514 1953 sonte
541 1919 685 1953 fluxisse
711 1924 814 1963 putat
842 1919 902 1962 (de
925 1918 1091 1961 analogia
1109 1930 1143 1962 p.
1168 1928 1244 1961 119,
1270 1928 1320 1952 12.
1343 1928 1399 1955 20.
1426 1921 1502 1959 126,
1528 1929 1578 1964 17.

165 1987 240 2021 130,
274 1989 313 2013 12
341 2000 386 2005 --
420 1980 464 2012 de
488 1980 564 2013 adv.
596 1991 630 2024 p.
665 1988 740 2022 192,
769 1988 825 2022 30.
859 1987 935 2022 197,
966 1986 1021 2021 25.
1053 1987 1134 2017 200,
1167 1979 1218 2013 16.
1245 1988 1326 2020 201,
1354 1988 1385 2022 3.
1415 1989 1495 2021 210,
1529 1990 1580 2014 11.

167 2047 218 2082 15.
235 2040 314 2080 216,
335 2050 368 2083 9.
390 2050 469 2083 219,
494 2048 509 2083 5
531 2061 575 2066 -—
595 2041 640 2074 de
659 2040 747 2074 coni.
768 2051 802 2084 p.
830 2048 910 2082 229,
932 2042 999 2084 23).
1026 2039 1150 2084 Atque
1163 2040 1326 2074 Eunuchi
1341 2040 1409 2074 loci
1423 2042 1468 2075 ad
1482 2047 1582 2076 actus

159 2099 173 2132 I
208 2105 243 2133 et
268 2101 299 2135 11
331 2101 427 2134 solos
461 2102 657 2146 pertinent,
695 2101 889 2144 Adelphon
925 2100 1064 2145 plurimi
1099 2101 1145 2133 ad
1176 2101 1211 2134 V
1236 2106 1378 2137 actum:
1411 2102 1495 2141 126,
1528 2111 1580 2146 17.

160 2168 241 2202 -130,
274 2169 325 2195 12.
358 2170 433 2203 119,
467 2170 607 2195 12-20
633 2174 677 2193 z
711 2170 812 2204 193‚2
839 2173 883 2193 z
913 2169 993 2203 219,
1025 2168 1040 2203 5
1072 2172 1163 2204 »ego
1189 2171 1254 2194 vos
1279 2172 1394 2205 usque
1419 2172 1439 2194 a
1464 2162 1583 2206 pueris

161 2220 280 2253 curavi
306 2221 432 2254 ambos
458 2221 617 2255 sedulo«.
672 2221 761 2255 Cum
792 2230 868 2263 119,
899 2229 944 2254 20
970 2226 1090 2254 autem
1116 2221 1292 2254 consentit
1317 2232 1347 2254 c.
1367 2221 1436 2255 XV
1457 2222 1516 2265 65,
1541 2223 1584 2256 16

161 2279 207 2322 (v.
241 2289 273 2322 p.
308 2281 374 2322 10).
428 2301 471 2305 -—
507 2281 582 2314 Nec
613 2281 729 2315 minus
766 2280 897 2314 Flavi
929 2280 1068 2324 Capri
1100 2281 1225 2314 librum
1264 2281 1329 2315 »de
1355 2280 1580 2324 Latinitate«,

161 2349 182 2371 e
207 2349 279 2381 quo
314 2340 525 2386 plerumque
559 2342 636 2386 ipsa
669 2342 779 2376 verba
817 2342 1065 2376 exscribuntur
1103 2343 1236 2386 quique
1272 2353 1294 2375 a
1330 2344 1584 2378 recentioribus

283 2469 301 2505 ¹)
322 2469 399 2496 Unus
419 2470 495 2496 locus
516 2470 554 2496 lV
574 2470 635 2497 libri
656 2469 764 2496 Statilio
785 2470 906 2497 Maximo
928 2470 1042 2497 debetur
1062 2480 1090 2506 p.
1113 2478 1177 2504 219,
1201 2477 1246 2505 ις.
