1751 2750
844 138 881 163 11

85 272 88 275 -
122 233 176 281 *in
202 248 438 282 exscribendo
463 248 548 281 Plini
572 248 698 282 librum
735 247 846 281 oculis
880 244 1094 292 percurrisse
1132 246 1301 279 videatur.
1365 242 1564 288 Quomodo

140 319 225 342 vero
250 308 336 351 fingi
363 308 475 352 possit
510 309 713 343 Romanum
746 308 899 341 Pliniana
928 318 1091 352 quaeque
1125 318 1171 341 ex
1209 306 1326 340 indice
1363 305 1564 349 copiosiore

141 380 204 415 per
234 370 351 405 literas
385 369 559 413 disposito
598 369 817 421 expiscatum
864 367 939 403 tam
980 369 1072 403 bene
1106 368 1205 401 iuxta
1239 365 1493 412 conposuisse?
1519 386 1565 391 -—

141 430 257 475 Quid?
284 430 381 475 quod
407 430 589 463 Romanus
616 441 672 474 ap.
699 429 802 465 Char.
839 441 873 474 p.
906 437 1029 472 121,15
1060 429 1134 474 ipse
1160 428 1347 473 profitetur
1373 428 1563 462 dumtaxat

140 491 284 526 ablativi
311 501 361 535 sg.
390 490 437 524 111
462 490 549 526 decl.
578 490 742 534 exempla
768 490 931 524 conlecta
957 501 1035 524 sese
1072 489 1256 535 excepisse
1283 509 1330 515 —
1365 499 1448 523 nam
1475 488 1565 522 haec
1603 509 1606 511 -

139 552 315 586 sententia
348 551 423 585 sine
460 550 568 584 dubio
602 550 735 583 codicis
769 550 976 594 conruptela
1016 551 1214 584 continetur
1256 571 1302 575 —
1339 550 1504 583 nimirum
1540 561 1562 582 a

140 612 259 652 Plinio,
288 617 325 645 ut
348 611 390 644 R.
416 610 551 644 Merkel
577 616 612 644 et
636 616 761 655 postea
788 610 1042 644 Schottmiiller
1071 617 1165 645 recte
1198 611 1436 645 coniecerunt.
1489 610 1558 644 Ex-

140 678 236 708 stant
262 672 405 716 quidem
432 672 467 704 in
491 671 570 705 cod.
600 671 633 704 N
656 672 764 704 haec:
796 671 975 704 ›Ablativi
1013 682 1116 705 casus
1151 683 1214 716 per
1239 682 1346 704 ornne
1379 671 1563 717 specimen

143 737 178 765 et
207 731 352 775 quidem
379 741 451 774 qno
478 730 488 762 i
520 740 592 773 qno
619 741 638 763 e
664 729 804 762 tminari
832 729 964 762 debeat
995 729 1062 762 coll
1079 756 1183 763 .....
1211 729 1363 774 pimus«,
1398 729 1457 762 ubi
1482 729 1562 763 Keil

143 791 276 837 primus
306 790 493 825 »collectos
519 791 746 836 excepimus«
775 791 932 825 scribens
968 796 1004 825 et
1037 790 1185 824 lacunae
1211 790 1326 834 spatio
1361 794 1397 823 et
1429 795 1564 823 senten-

142 853 211 886 tiae
235 853 269 885 in
296 852 496 884 universum
523 851 703 886 satisfecit.
757 851 1033 885 Schottmiillero
1067 862 1100 894 p.
1131 858 1172 893 35
1202 862 1253 894 sq.
1290 850 1379 883 haec
1404 850 1563 894 suspicio

142 911 323 957 probatur,
352 910 410 955 qui
437 921 519 943 curn
535 910 651 944 Keilio
669 911 774 945 etiam
806 911 1020 946 ›ablativos‹
1052 916 1087 945 et
1116 910 1310 944 ›debeant‹
1339 909 1437 954 legit,
1464 921 1565 955 prae-

142 978 239 1007 terea
264 972 298 1006 in
330 973 448 1017 initio,
478 976 517 1005 ut
541 971 631 1006 haec
657 973 768 1007 verba
793 985 873 1007 curn
893 973 1070 1018 prioribus
1099 972 1248 1006 »Plinius
1276 971 1418 1016 (eodem
1436 971 1562 1017 libro)‹

143 1038 318 1075 conectat,
349 1033 485 1067 ›unde‹
515 1033 623 1067 addit.
677 1033 749 1068 Sed
777 1034 847 1067 iam
873 1039 979 1067 antea
997 1044 1139 1067 sensum
1158 1033 1286 1067 eodem
1306 1033 1426 1072 modo,
1454 1033 1564 1067 verba

143 1099 181 1128 ut
206 1094 291 1128 mihi
317 1094 467 1134 videtur,
496 1094 607 1128 multo
634 1094 852 1139 probabilius
877 1095 1080 1129 restituerat
1106 1105 1214 1139 quem
1241 1094 1351 1128 modo
1386 1094 1564 1128 nominavi

142 1155 184 1188 R.
213 1154 347 1188 Merkel
373 1155 416 1199 (v.
444 1155 534 1188 Keili
561 1155 726 1188 addenda
743 1155 789 1188 ad
816 1155 849 1189 h.
870 1155 889 1188 l.
909 1167 943 1199 p.
963 1155 1060 1200 608),
1088 1155 1187 1188 cuius
1205 1155 1410 1188 coniectura
1427 1153 1565 1188 Schott-

142 1214 326 1249 miillerum
362 1216 583 1259 praeteriisse
618 1216 766 1250 videtur.
785 1215 880 1264 xIlle
917 1216 1010 1249 enim
1049 1216 1099 1249 sic
1135 1215 1327 1259 legendum
1365 1215 1558 1259 proponit:

147 1276 261 1309 »unde
287 1276 451 1319 exempla
477 1276 622 1310 ablativi
646 1287 748 1309 casus
777 1297 822 1301 —
857 1276 1005 1309 collecta
1037 1276 1279 1320 excepimus«.
1333 1276 1411 1309 Hac
1445 1280 1566 1309 autem

144 1336 392 1370 emendatione
409 1336 541 1371 codicis
559 1337 752 1382 scripturae
775 1336 959 1372 »ablativh
994 1342 1029 1371 et
1058 1337 1226 1371 »debeata
1257 1337 1459 1377 retinentur,
1480 1348 1567 1382 quas

143 1408 164 1430 a
190 1397 334 1431 librario
360 1398 410 1431 sic
437 1403 630 1441 conruptas
650 1409 727 1431 esse
751 1399 811 1431 vix
829 1399 1029 1432 credideris
1083 1398 1204 1441 Atque
1226 1398 1375 1437 »unde«,
1404 1398 1431 1431 si
1456 1397 1567 1431 semel

144 1458 275 1502 aliquid
308 1458 493 1499 intercidit,
531 1470 575 1492 eo
613 1459 726 1502 magis
767 1460 1036 1499 conmendatur,
1074 1470 1146 1504 quo
1181 1459 1385 1492 Romanum
1429 1459 1463 1492 in
1499 1458 1569 1492 hoc

143 1519 329 1554 enuntiato
354 1531 480 1554 vocem
511 1519 696 1554 ›ablativi‹
726 1519 902 1554 lemmatis
929 1520 1038 1554 instar
1063 1520 1225 1565 posuisse
1261 1520 1340 1563 plus
1375 1531 1484 1565 quam
1518 1520 1564 1554 in-

145 1580 282 1623 probile
308 1585 371 1613 est.

263 1639 334 1674 Sed
370 1645 448 1674 utut
480 1640 524 1674 de
555 1640 609 1674 his
642 1640 768 1685 aliquis
800 1641 976 1680 exstimat,
1010 1641 1079 1675 hoc
1113 1646 1254 1675 constat
1280 1642 1484 1675 Romanum
1510 1641 1567 1675 illa

145 1699 290 1734 ablativi
307 1701 474 1745 exempla
493 1712 537 1734 ex
556 1713 627 1734 uno
646 1701 846 1744 eodemque
862 1701 951 1735 libro
967 1702 1238 1746 transcripsisse,
1266 1713 1373 1746 quem
1393 1701 1574 1742 Schottm.'

145 1760 189 1805 (v.
217 1760 305 1794 infra
331 1773 364 1805 p.
399 1763 452 1807 18)
477 1761 561 1794 Plini
588 1762 685 1795 dubii
710 1763 882 1795 sermonis
909 1762 1035 1795 librum
1062 1763 1122 1801 Vl,
1151 1763 1260 1796 totius
1287 1762 1412 1807 capitis
1438 1763 1564 1805 prima-

145 1822 233 1856 rium
266 1822 412 1862 fontem,
450 1827 640 1867 propterea
673 1823 867 1857 rectissime
903 1828 1025 1857 censet
1059 1823 1175 1863 fuisse,
1204 1824 1303 1868 quod
1329 1823 1385 1857 hic
1412 1823 1446 1856 in
1486 1835 1569 1857 non-

144 1882 245 1916 nullis
279 1883 450 1928 exemplis
485 1882 555 1916 huc
585 1883 829 1928 spectantibus
865 1889 901 1917 et
934 1894 1015 1917 cum
1043 1884 1168 1918 ceteris
1194 1888 1270 1917 arte
1295 1883 1569 1918 cohaerentibus

143 1942 315 1984 laudatur,
343 1949 527 1989 praeterea
563 1955 678 1979 nemo.
732 1944 835 1988 Quae
870 1956 950 1979 cum
988 1945 1036 1979 ita
1071 1945 1150 1985 sint,
1177 1944 1306 1979 Christi
1339 1950 1569 1979 conmentum

103 2012 106 2016 ’
145 2003 179 2048 (l.
207 2004 227 2039 l.
262 2016 296 2049 p.
340 2006 428 2050 121),
463 2005 523 2049 qui
557 2005 760 2038 Romanum
798 2006 843 2039 de
879 2017 945 2039 suo
984 2005 1103 2050 aliquo
1139 2010 1291 2039 tractatu
1331 2006 1376 2039 de
1413 2005 1569 2039 ablativo

144 2065 221 2099 solo
248 2066 451 2112 conscripto
478 2067 638 2111 cogitare
664 2071 776 2112 putat,
805 2066 969 2100 concidit.
1023 2066 1084 2101 Ad
1110 2066 1209 2111 quod
1236 2077 1280 2100 ne
1317 2066 1566 2110 ›excepimus‹

145 2127 289 2170 quidem
316 2128 500 2161 convenit:
530 2129 641 2161 immo
671 2127 919 2171 »collegimus«
950 2128 1150 2172 exspectari
1176 2127 1309 2162 debuit.

261 2188 358 2232 Ergo
383 2188 466 2222 nihil
494 2188 714 2223 manifestius
740 2199 818 2222 esse
843 2193 963 2233 potest
989 2199 1095 2232 quam
1120 2188 1248 2233 ipsos
1281 2187 1397 2221 Plini
1423 2187 1571 2222 libros

144 2258 166 2280 a
190 2248 399 2282 Romano
426 2261 529 2283 esse
556 2249 820 2288 adhibitos,
846 2249 1013 2293 idemque
1047 2250 1092 2282 de
1118 2249 1243 2282 ceteris
1276 2248 1482 2282 auctoribus
1509 2250 1571 2293 qui

145 2307 180 2340 in
205 2308 331 2352 capitis
365 2309 434 2343 XV
459 2314 494 2343 et
521 2320 549 2342 c.
582 2309 683 2342 XVII
717 2309 803 2343 locis
839 2309 1123 2353 conspirantibus
1159 2308 1403 2348 nominantur,
1437 2308 1568 2352 Capro,

146 2366 291 2410 Scauro,
319 2369 463 2405 Acrone
496 2369 681 2404 adfirmare
707 2370 798 2410 licet,
834 2369 1041 2414 praesertim
1074 2369 1102 2402 si
1137 2374 1251 2403 totam
1277 2369 1430 2403 Romani
1468 2370 1571 2404 ratio·

78 2474 84 2481 ι
142 2438 234 2468 nem,
260 2440 330 2474 qua
356 2431 391 2463 in
416 2430 512 2464 libris
537 2430 782 2474 conponendis
809 2430 926 2469 utitur,
953 2430 1128 2473 respicias.
1182 2430 1237 2463 De
1265 2440 1335 2474 qua
1361 2430 1423 2464 viri
1451 2430 1559 2471 docti,
