<?xml version="1.0" encoding="UTF-8"?>
<!DOCTYPE html PUBLIC "-//W3C//DTD XHTML 1.0 Transitional//EN"
    "http://www.w3.org/TR/xhtml1/DTD/xhtml1-transitional.dtd">
<html xmlns="http://www.w3.org/1999/xhtml" xml:lang="en" lang="en">
 <head>
  <title>
</title>
<meta http-equiv="Content-Type" content="text/html;charset=utf-8" />
  <meta name='ocr-system' content='tesseract 3.04.00' />
  <meta name='ocr-capabilities' content='ocr_page ocr_carea ocr_par ocr_line ocrx_word'/>
</head>
<body>
  <div class='ocr_page' id='page_1' title='image "4737396_0057.png"; bbox 0 0 1751 2750; ppageno 0'>
   <div class='ocr_carea' id='block_1_1' title="bbox 0 0 489 83">
    <p class='ocr_par' dir='ltr' id='par_1_1' title="bbox 0 0 489 83">
     <span class='ocr_line' id='line_1_1' title="bbox 0 0 489 83; baseline 0 2667"><span class='ocrx_word' id='word_1_1' title='bbox 0 0 489 83; x_wconf 95' lang='lat' dir='ltr'> </span> 
     </span>
    </p>
   </div>
   <div class='ocr_carea' id='block_1_2' title="bbox 772 185 844 224">
    <p class='ocr_par' dir='ltr' id='par_1_2' title="bbox 772 185 844 224">
     <span class='ocr_line' id='line_1_2' title="bbox 772 185 844 224; baseline -0.028 0"><span class='ocrx_word' id='word_1_2' title='bbox 772 185 844 224; x_wconf 81' lang='grc'>,47</span> 
     </span>
    </p>
   </div>
   <div class='ocr_carea' id='block_1_3' title="bbox 710 222 944 235">
    <p class='ocr_par' dir='ltr' id='par_1_3' title="bbox 710 222 944 235">
     <span class='ocr_line' id='line_1_3' title="bbox 710 222 944 235; baseline 0 2515"><span class='ocrx_word' id='word_1_3' title='bbox 710 222 944 235; x_wconf 95' lang='lat' dir='ltr'> </span> 
     </span>
    </p>
   </div>
   <div class='ocr_carea' id='block_1_4' title="bbox 232 290 1542 343">
    <p class='ocr_par' dir='ltr' id='par_1_4' title="bbox 232 290 1542 343">
     <span class='ocr_line' id='line_1_4' title="bbox 232 290 1542 343; baseline 0 -13"><span class='ocrx_word' id='word_1_4' title='bbox 232 290 359 330; x_wconf 80' lang='lat' dir='ltr'><strong>Restat</strong></span> <span class='ocrx_word' id='word_1_5' title='bbox 391 301 430 331; x_wconf 88' lang='lat' dir='ltr'>ut</span> <span class='ocrx_word' id='word_1_6' title='bbox 474 293 519 331; x_wconf 92' lang='lat' dir='ltr'>de</span> <span class='ocrx_word' id='word_1_7' title='bbox 555 293 660 334; x_wconf 87' lang='lat' dir='ltr'><strong>Prisc.</strong></span> <span class='ocrx_word' id='word_1_8' title='bbox 696 296 776 338; x_wconf 81' lang='lat'><strong>262.</strong></span> <span class='ocrx_word' id='word_1_9' title='bbox 812 305 857 340; x_wconf 84' lang='lat'>23</span> <span class='ocrx_word' id='word_1_10' title='bbox 896 307 989 342; x_wconf 45' lang='lat' dir='ltr'>sqqs</span> <span class='ocrx_word' id='word_1_11' title='bbox 1014 293 1208 343; x_wconf 56' lang='lat' dir='ltr'>(nsinunn)</span> <span class='ocrx_word' id='word_1_12' title='bbox 1245 304 1362 341; x_wconf 86' lang='lat' dir='ltr'>pauca</span> <span class='ocrx_word' id='word_1_13' title='bbox 1399 291 1542 330; x_wconf 85' lang='lat' dir='ltr'>addam.</span> 
     </span>
    </p>
   </div>
   <div class='ocr_carea' id='block_1_5' title="bbox 115 354 1602 406">
    <p class='ocr_par' dir='ltr' id='par_1_5' title="bbox 115 354 1602 406">
     <span class='ocr_line' id='line_1_5' title="bbox 115 354 1602 406; baseline -0.001 -16"><span class='ocrx_word' id='word_1_14' title='bbox 115 354 222 390; x_wconf 82' lang='lat' dir='ltr'>Hunc</span> <span class='ocrx_word' id='word_1_15' title='bbox 248 356 342 390; x_wconf 88' lang='lat' dir='ltr'>enim</span> <span class='ocrx_word' id='word_1_16' title='bbox 368 356 496 397; x_wconf 91' lang='lat' dir='ltr'>locum,</span> <span class='ocrx_word' id='word_1_17' title='bbox 522 357 605 402; x_wconf 91' lang='lat' dir='ltr'>quia</span> <span class='ocrx_word' id='word_1_18' title='bbox 630 357 722 391; x_wconf 86' lang='lat' dir='ltr'>Plini</span> <span class='ocrx_word' id='word_1_19' title='bbox 754 369 889 406; x_wconf 18' lang='lat' dir='ltr'>nomen*</span> <span class='ocrx_word' id='word_1_20' title='bbox 920 369 1033 404; x_wconf 87' lang='lat' dir='ltr'>prope</span> <span class='ocrx_word' id='word_1_21' title='bbox 1068 358 1258 397; x_wconf 79' lang='lat' dir='ltr'>antecedit.</span> <span class='ocrx_word' id='word_1_22' title='bbox 1297 355 1471 395; x_wconf 81' lang='lat' dir='ltr'>Schmidt,</span> <span class='ocrx_word' id='word_1_23' title='bbox 1499 355 1544 388; x_wconf 92' lang='lat' dir='ltr'>de</span> <span class='ocrx_word' id='word_1_24' title='bbox 1599 381 1602 384; x_wconf 83' lang='lat'>.</span> 
     </span>
    </p>
   </div>
   <div class='ocr_carea' id='block_1_6' title="bbox 83 409 1545 643">
    <p class='ocr_par' dir='ltr' id='par_1_6' title="bbox 83 409 1545 643">
     <span class='ocr_line' id='line_1_6' title="bbox 83 409 1545 464; baseline -0.001 -14"><span class='ocrx_word' id='word_1_25' title='bbox 83 409 86 412; x_wconf 49' lang='grc'>’</span> <span class='ocrx_word' id='word_1_26' title='bbox 115 415 234 451; x_wconf 86' lang='lat' dir='ltr'>Nonio</span> <span class='ocrx_word' id='word_1_27' title='bbox 260 429 294 463; x_wconf 91' lang='lat' dir='ltr'>p.</span> <span class='ocrx_word' id='word_1_28' title='bbox 326 426 402 458; x_wconf 83' lang='lat'>101,</span> <span class='ocrx_word' id='word_1_29' title='bbox 422 417 490 451; x_wconf 78' lang='lat' dir='ltr'>&#39;ubi</span> <span class='ocrx_word' id='word_1_30' title='bbox 508 418 553 451; x_wconf 91' lang='lat' dir='ltr'>de</span> <span class='ocrx_word' id='word_1_31' title='bbox 577 417 678 453; x_wconf 84' lang='lat' dir='ltr'>simili</span> <span class='ocrx_word' id='word_1_32' title='bbox 695 417 789 451; x_wconf 90' lang='lat' dir='ltr'>Noni</span> <span class='ocrx_word' id='word_1_33' title='bbox 807 418 898 452; x_wconf 62' lang='lat' dir='ltr'>loco*</span> <span class='ocrx_word' id='word_1_34' title='bbox 911 419 958 464; x_wconf 85' lang='lat' dir='ltr'>(p.</span> <span class='ocrx_word' id='word_1_35' title='bbox 990 426 1069 462; x_wconf 82' lang='lat'>547,</span> <span class='ocrx_word' id='word_1_36' title='bbox 1102 427 1144 461; x_wconf 92' lang='lat'>19</span> <span class='ocrx_word' id='word_1_37' title='bbox 1161 417 1226 462; x_wconf 93' lang='lat' dir='ltr'>M.)</span> <span class='ocrx_word' id='word_1_38' title='bbox 1251 416 1401 456; x_wconf 87' lang='lat' dir='ltr'>disserit,</span> <span class='ocrx_word' id='word_1_39' title='bbox 1428 415 1545 450; x_wconf 86' lang='lat' dir='ltr'>Plinio</span> 
     </span>
     <span class='ocr_line' id='line_1_7' title="bbox 116 476 1541 523; baseline -0.001 -13"><span class='ocrx_word' id='word_1_40' title='bbox 116 476 239 510; x_wconf 90' lang='lat' dir='ltr'>deberi</span> <span class='ocrx_word' id='word_1_41' title='bbox 265 482 383 522; x_wconf 88' lang='lat' dir='ltr'>putat:</span> <span class='ocrx_word' id='word_1_42' title='bbox 411 478 447 511; x_wconf 92' lang='lat' dir='ltr'>id</span> <span class='ocrx_word' id='word_1_43' title='bbox 471 478 570 522; x_wconf 92' lang='lat' dir='ltr'>quod</span> <span class='ocrx_word' id='word_1_44' title='bbox 594 489 666 512; x_wconf 90' lang='lat' dir='ltr'>non</span> <span class='ocrx_word' id='word_1_45' title='bbox 692 478 876 523; x_wconf 82' lang='lat' dir='ltr'>probabile</span> <span class='ocrx_word' id='word_1_46' title='bbox 894 489 972 512; x_wconf 90' lang='lat' dir='ltr'>esse</span> <span class='ocrx_word' id='word_1_47' title='bbox 995 479 1155 514; x_wconf 77' lang='lat' dir='ltr'>arbitror,</span> <span class='ocrx_word' id='word_1_48' title='bbox 1207 478 1283 512; x_wconf 92' lang='lat' dir='ltr'>Nec</span> <span class='ocrx_word' id='word_1_49' title='bbox 1306 487 1391 520; x_wconf 82' lang='lat' dir='ltr'>vero</span> <span class='ocrx_word' id='word_1_50' title='bbox 1409 476 1541 522; x_wconf 85' lang='lat' dir='ltr'>Asper,</span> 
     </span>
     <span class='ocr_line' id='line_1_8' title="bbox 117 533 1538 582; baseline 0 -12"><span class='ocrx_word' id='word_1_51' title='bbox 117 536 179 580; x_wconf 86' lang='lat' dir='ltr'>qui</span> <span class='ocrx_word' id='word_1_52' title='bbox 206 537 251 570; x_wconf 92' lang='lat' dir='ltr'>de</span> <span class='ocrx_word' id='word_1_53' title='bbox 275 538 403 571; x_wconf 83' lang='lat' dir='ltr'>eadem</span> <span class='ocrx_word' id='word_1_54' title='bbox 429 549 519 571; x_wconf 93' lang='lat' dir='ltr'>voce</span> <span class='ocrx_word' id='word_1_55' title='bbox 545 538 579 571; x_wconf 90' lang='lat' dir='ltr'>in</span> <span class='ocrx_word' id='word_1_56' title='bbox 605 537 741 571; x_wconf 88' lang='lat' dir='ltr'>scholio</span> <span class='ocrx_word' id='word_1_57' title='bbox 765 538 898 574; x_wconf 88' lang='lat' dir='ltr'>Veron.</span> <span class='ocrx_word' id='word_1_58' title='bbox 926 539 972 572; x_wconf 93' lang='lat' dir='ltr'>ad</span> <span class='ocrx_word' id='word_1_59' title='bbox 997 538 1132 582; x_wconf 82' lang='lat' dir='ltr'>Vergili</span> <span class='ocrx_word' id='word_1_60' title='bbox 1159 533 1274 582; x_wconf 80' lang='lat' dir='ltr'>eclog.</span> <span class='ocrx_word' id='word_1_61' title='bbox 1300 537 1367 571; x_wconf 90' lang='lat' dir='ltr'>VII</span> <span class='ocrx_word' id='word_1_62' title='bbox 1403 545 1447 580; x_wconf 89' lang='lat'>33</span> <span class='ocrx_word' id='word_1_63' title='bbox 1482 535 1538 581; x_wconf 88' lang='lat' dir='ltr'><strong>(cf.</strong></span> 
     </span>
     <span class='ocr_line' id='line_1_9' title="bbox 115 595 1543 643; baseline -0.001 -13"><span class='ocrx_word' id='word_1_64' title='bbox 115 595 279 631; x_wconf 87' lang='lat' dir='ltr'>Servium</span> <span class='ocrx_word' id='word_1_65' title='bbox 303 598 349 631; x_wconf 88' lang='lat' dir='ltr'>ad</span> <span class='ocrx_word' id='word_1_66' title='bbox 375 598 529 631; x_wconf 89' lang='lat' dir='ltr'>eundem</span> <span class='ocrx_word' id='word_1_67' title='bbox 563 597 694 643; x_wconf 88' lang='lat' dir='ltr'>locum)</span> <span class='ocrx_word' id='word_1_68' title='bbox 728 603 1024 638; x_wconf 88' lang='lat' dir='ltr'>conmemoratur,</span> <span class='ocrx_word' id='word_1_69' title='bbox 1059 609 1162 632; x_wconf 92' lang='lat' dir='ltr'>verus</span> <span class='ocrx_word' id='word_1_70' title='bbox 1200 603 1325 631; x_wconf 86' lang='lat' dir='ltr'><strong>auctor</strong></span> <span class='ocrx_word' id='word_1_71' title='bbox 1359 602 1422 634; x_wconf 89' lang='lat' dir='ltr'>est.</span> <span class='ocrx_word' id='word_1_72' title='bbox 1460 606 1543 629; x_wconf 89' lang='lat' dir='ltr'>cum</span> 
     </span>
    </p>
   </div>
   <div class='ocr_carea' id='block_1_7' title="bbox 51 656 1542 703">
    <p class='ocr_par' dir='ltr' id='par_1_7' title="bbox 51 656 1542 703">
     <span class='ocr_line' id='line_1_10' title="bbox 51 656 1542 703; baseline -0.001 -12"><span class='ocrx_word' id='word_1_73' title='bbox 51 671 53 673; x_wconf 86' lang='lat'>·</span> <span class='ocrx_word' id='word_1_74' title='bbox 115 656 161 692; x_wconf 89' lang='lat' dir='ltr'>ab</span> <span class='ocrx_word' id='word_1_75' title='bbox 188 656 259 691; x_wconf 87' lang='lat' dir='ltr'>hoc</span> <span class='ocrx_word' id='word_1_76' title='bbox 285 657 333 691; x_wconf 93' lang='lat' dir='ltr'>ob</span> <span class='ocrx_word' id='word_1_77' title='bbox 360 668 484 691; x_wconf 83' lang='lat' dir='ltr'>causas</span> <span class='ocrx_word' id='word_1_78' title='bbox 509 668 597 701; x_wconf 87' lang='lat' dir='ltr'>quas</span> <span class='ocrx_word' id='word_1_79' title='bbox 615 657 803 703; x_wconf 88' lang='lat' dir='ltr'>explicabo</span> <span class='ocrx_word' id='word_1_80' title='bbox 829 658 965 692; x_wconf 87' lang='lat' dir='ltr'>Nonius</span> <span class='ocrx_word' id='word_1_81' title='bbox 981 669 1045 691; x_wconf 85' lang='lat' dir='ltr'>sua</span> <span class='ocrx_word' id='word_1_82' title='bbox 1069 663 1251 692; x_wconf 89' lang='lat' dir='ltr'>mutuatus</span> <span class='ocrx_word' id='word_1_83' title='bbox 1275 668 1354 691; x_wconf 87' lang='lat' dir='ltr'>esse</span> <span class='ocrx_word' id='word_1_84' title='bbox 1378 661 1542 700; x_wconf 80' lang='lat' dir='ltr'><strong>nequeat.</strong></span> 
     </span>
    </p>
   </div>
   <div class='ocr_carea' id='block_1_8' title="bbox 81 704 1546 2403">
    <p class='ocr_par' dir='ltr' id='par_1_8' title="bbox 81 704 1546 2403">
     <span class='ocr_line' id='line_1_11' title="bbox 116 704 1541 762; baseline -0.001 -11"><span class='ocrx_word' id='word_1_85' title='bbox 116 704 437 752; x_wconf 80' lang='lat' dir='ltr'>OmninoNonius</span> <span class='ocrx_word' id='word_1_86' title='bbox 463 717 558 751; x_wconf 90' lang='lat' dir='ltr'>illum</span> <span class='ocrx_word' id='word_1_87' title='bbox 594 716 735 751; x_wconf 86' lang='lat' dir='ltr'>titulum</span> <span class='ocrx_word' id='word_1_88' title='bbox 769 729 788 752; x_wconf 89' lang='lat' dir='ltr'>e</span> <span class='ocrx_word' id='word_1_89' title='bbox 821 718 1080 752; x_wconf 89' lang='lat' dir='ltr'>conmentariis·</span> <span class='ocrx_word' id='word_1_90' title='bbox 1102 711 1315 762; x_wconf 88' lang='lat' dir='ltr'>Vergilianis</span> <span class='ocrx_word' id='word_1_91' title='bbox 1349 728 1421 751; x_wconf 92' lang='lat' dir='ltr'>non</span> <span class='ocrx_word' id='word_1_92' title='bbox 1460 716 1541 750; x_wconf 91' lang='lat' dir='ltr'>deli-</span> 
     </span>
     <span class='ocr_line' id='line_1_12' title="bbox 115 766 1543 825; baseline -0.001 -13"><span class='ocrx_word' id='word_1_93' title='bbox 115 778 223 818; x_wconf 83' lang='lat' dir='ltr'>bavit.</span> <span class='ocrx_word' id='word_1_94' title='bbox 252 766 385 825; x_wconf 87' lang='lat' dir='ltr'>quippe</span> <span class='ocrx_word' id='word_1_95' title='bbox 410 778 470 824; x_wconf 88' lang='lat' dir='ltr'>qui</span> <span class='ocrx_word' id='word_1_96' title='bbox 497 778 531 812; x_wconf 90' lang='lat' dir='ltr'>in</span> <span class='ocrx_word' id='word_1_97' title='bbox 556 778 647 812; x_wconf 88' lang='lat' dir='ltr'>serie</span> <span class='ocrx_word' id='word_1_98' title='bbox 671 777 892 813; x_wconf 88' lang='lat' dir='ltr'>Varroniana</span> <span class='ocrx_word' id='word_1_99' title='bbox 929 778 1011 823; x_wconf 80' lang='lat' dir='ltr'>(»de</span> <span class='ocrx_word' id='word_1_100' title='bbox 1043 779 1117 813; x_wconf 88' lang='lat' dir='ltr'>vita</span> <span class='ocrx_word' id='word_1_101' title='bbox 1147 777 1270 824; x_wconf 91' lang='lat' dir='ltr'>populi</span> <span class='ocrx_word' id='word_1_102' title='bbox 1302 777 1477 811; x_wconf 78' lang='lat' dir='ltr'>Romani«</span> <span class='ocrx_word' id='word_1_103' title='bbox 1506 782 1543 810; x_wconf 92' lang='lat' dir='ltr'>et</span> 
     </span>
     <span class='ocr_line' id='line_1_13' title="bbox 123 827 1541 886; baseline 0.001 -14"><span class='ocrx_word' id='word_1_104' title='bbox 123 839 189 874; x_wconf 78' lang='lat' dir='ltr'>»de</span> <span class='ocrx_word' id='word_1_105' title='bbox 214 851 252 873; x_wconf 85' lang='lat' dir='ltr'>re</span> <span class='ocrx_word' id='word_1_106' title='bbox 277 839 427 873; x_wconf 77' lang='lat' dir='ltr'>rustica«</span> <span class='ocrx_word' id='word_1_107' title='bbox 458 840 492 874; x_wconf 91' lang='lat' dir='ltr'>in</span> <span class='ocrx_word' id='word_1_108' title='bbox 519 851 663 874; x_wconf 90' lang='lat' dir='ltr'>censum</span> <span class='ocrx_word' id='word_1_109' title='bbox 695 840 853 885; x_wconf 89' lang='lat' dir='ltr'>veniunt)</span> <span class='ocrx_word' id='word_1_110' title='bbox 887 840 968 875; x_wconf 87' lang='lat' dir='ltr'>insit</span> <span class='ocrx_word' id='word_1_111' title='bbox 993 827 1051 886; x_wconf 41' lang='lat' dir='ltr'>(vs</span> <span class='ocrx_word' id='word_1_112' title='bbox 1073 840 1166 874; x_wconf 90' lang='lat' dir='ltr'>enim</span> <span class='ocrx_word' id='word_1_113' title='bbox 1199 851 1233 885; x_wconf 90' lang='lat' dir='ltr'>p.</span> <span class='ocrx_word' id='word_1_114' title='bbox 1270 830 1347 881; x_wconf 67' lang='lat'>344,</span> <span class='ocrx_word' id='word_1_115' title='bbox 1372 848 1406 881; x_wconf 92' lang='lat'>4.</span> <span class='ocrx_word' id='word_1_116' title='bbox 1447 838 1479 871; x_wconf 91' lang='lat'>6.</span> <span class='ocrx_word' id='word_1_117' title='bbox 1509 839 1541 874; x_wconf 88' lang='lat'>8.</span> 
     </span>
     <span class='ocr_line' id='line_1_14' title="bbox 121 898 1540 944; baseline -0.001 -10"><span class='ocrx_word' id='word_1_118' title='bbox 121 909 171 942; x_wconf 88' lang='lat'>14.</span> <span class='ocrx_word' id='word_1_119' title='bbox 205 907 283 943; x_wconf 84' lang='grc'>545,</span> <span class='ocrx_word' id='word_1_120' title='bbox 314 909 368 944; x_wconf 92' lang='lat'>27.</span> <span class='ocrx_word' id='word_1_121' title='bbox 400 902 478 944; x_wconf 83' lang='lat'><strong>546,</strong></span> <span class='ocrx_word' id='word_1_122' title='bbox 508 909 539 934; x_wconf 92' lang='lat'>2.</span> <span class='ocrx_word' id='word_1_123' title='bbox 572 909 603 944; x_wconf 95' lang='lat'>7.</span> <span class='ocrx_word' id='word_1_124' title='bbox 642 910 675 943; x_wconf 86' lang='lat'>9.</span> <span class='ocrx_word' id='word_1_125' title='bbox 718 909 770 943; x_wconf 90' lang='lat'>13.</span> <span class='ocrx_word' id='word_1_126' title='bbox 806 907 862 944; x_wconf 79' lang='lat'>3·2.</span> <span class='ocrx_word' id='word_1_127' title='bbox 900 908 978 944; x_wconf 83' lang='lat'>547,</span> <span class='ocrx_word' id='word_1_128' title='bbox 1011 911 1045 943; x_wconf 91' lang='lat'>4.</span> <span class='ocrx_word' id='word_1_129' title='bbox 1091 908 1142 944; x_wconf 83' lang='lat'>15.</span> <span class='ocrx_word' id='word_1_130' title='bbox 1182 908 1237 933; x_wconf 88' lang='lat'>21.</span> <span class='ocrx_word' id='word_1_131' title='bbox 1274 907 1329 940; x_wconf 90' lang='lat'>24.</span> <span class='ocrx_word' id='word_1_132' title='bbox 1363 901 1433 944; x_wconf 87' lang='lat'>31).</span> <span class='ocrx_word' id='word_1_133' title='bbox 1483 898 1540 932; x_wconf 90' lang='lat' dir='ltr'>Ac</span> 
     </span>
     <span class='ocr_line' id='line_1_15' title="bbox 115 958 1541 1007; baseline -0.003 -11"><span class='ocrx_word' id='word_1_134' title='bbox 115 965 211 996; x_wconf 90' lang='lat' dir='ltr'>recte</span> <span class='ocrx_word' id='word_1_135' title='bbox 236 961 312 995; x_wconf 94' lang='lat' dir='ltr'>sine</span> <span class='ocrx_word' id='word_1_136' title='bbox 330 961 439 995; x_wconf 92' lang='lat' dir='ltr'>dubio</span> <span class='ocrx_word' id='word_1_137' title='bbox 458 960 711 1005; x_wconf 71' lang='lat' dir='ltr'>Schottmiiller</span> <span class='ocrx_word' id='word_1_138' title='bbox 729 961 855 1006; x_wconf 87' lang='lat' dir='ltr'><strong>(symb.</strong></span> <span class='ocrx_word' id='word_1_139' title='bbox 874 960 991 1007; x_wconf 86' lang='lat' dir='ltr'>philol.</span> <span class='ocrx_word' id='word_1_140' title='bbox 1013 961 1126 995; x_wconf 89' lang='lat' dir='ltr'>Bonn.</span> <span class='ocrx_word' id='word_1_141' title='bbox 1156 973 1189 1007; x_wconf 92' lang='lat' dir='ltr'>p.</span> <span class='ocrx_word' id='word_1_142' title='bbox 1211 961 1293 1007; x_wconf 86' lang='lat'>832)</span> <span class='ocrx_word' id='word_1_143' title='bbox 1319 965 1355 995; x_wconf 90' lang='lat' dir='ltr'>et</span> <span class='ocrx_word' id='word_1_144' title='bbox 1376 958 1541 994; x_wconf 88' lang='lat' dir='ltr'>Schmidt</span> 
     </span>
     <span class='ocr_line' id='line_1_16' title="bbox 114 1020 1540 1067; baseline -0.001 -13"><span class='ocrx_word' id='word_1_145' title='bbox 114 1021 135 1057; x_wconf 88' lang='lat' dir='ltr'>l.</span> <span class='ocrx_word' id='word_1_146' title='bbox 160 1021 180 1054; x_wconf 92' lang='lat' dir='ltr'>l.</span> <span class='ocrx_word' id='word_1_147' title='bbox 208 1033 241 1066; x_wconf 90' lang='lat' dir='ltr'>p.</span> <span class='ocrx_word' id='word_1_148' title='bbox 275 1031 336 1063; x_wconf 85' lang='lat'>131</span> <span class='ocrx_word' id='word_1_149' title='bbox 365 1027 511 1055; x_wconf 88' lang='lat' dir='ltr'>censent</span> <span class='ocrx_word' id='word_1_150' title='bbox 538 1022 657 1055; x_wconf 89' lang='lat' dir='ltr'>omnia</span> <span class='ocrx_word' id='word_1_151' title='bbox 673 1022 844 1067; x_wconf 75' lang='lat' dir='ltr'>¹exempla</span> <span class='ocrx_word' id='word_1_152' title='bbox 869 1033 888 1056; x_wconf 92' lang='lat' dir='ltr'>e</span> <span class='ocrx_word' id='word_1_153' title='bbox 912 1022 1084 1056; x_wconf 78' lang='lat' dir='ltr'>Varronis</span> <span class='ocrx_word' id='word_1_154' title='bbox 1118 1022 1214 1055; x_wconf 90' lang='lat' dir='ltr'>libris</span> <span class='ocrx_word' id='word_1_155' title='bbox 1251 1023 1296 1055; x_wconf 91' lang='lat' dir='ltr'>de</span> <span class='ocrx_word' id='word_1_156' title='bbox 1330 1032 1367 1055; x_wconf 88' lang='lat' dir='ltr'>re</span> <span class='ocrx_word' id='word_1_157' title='bbox 1400 1020 1540 1059; x_wconf 83' lang='lat' dir='ltr'>rustica,</span> 
     </span>
     <span class='ocr_line' id='line_1_17' title="bbox 116 1079 1540 1128; baseline -0.001 -13"><span class='ocrx_word' id='word_1_158' title='bbox 116 1081 161 1116; x_wconf 94' lang='lat' dir='ltr'>de</span> <span class='ocrx_word' id='word_1_159' title='bbox 184 1082 256 1115; x_wconf 89' lang='lat' dir='ltr'>vita</span> <span class='ocrx_word' id='word_1_160' title='bbox 284 1082 404 1128; x_wconf 88' lang='lat' dir='ltr'>populi</span> <span class='ocrx_word' id='word_1_161' title='bbox 430 1082 584 1116; x_wconf 90' lang='lat' dir='ltr'>Romani</span> <span class='ocrx_word' id='word_1_162' title='bbox 611 1087 647 1116; x_wconf 90' lang='lat' dir='ltr'>et</span> <span class='ocrx_word' id='word_1_163' title='bbox 670 1081 762 1116; x_wconf 89' lang='lat' dir='ltr'>Cato</span> <span class='ocrx_word' id='word_1_164' title='bbox 788 1093 815 1118; x_wconf 78' lang='lat' dir='ltr'>s,</span> <span class='ocrx_word' id='word_1_165' title='bbox 843 1082 887 1116; x_wconf 92' lang='lat' dir='ltr'>de</span> <span class='ocrx_word' id='word_1_166' title='bbox 912 1082 1030 1117; x_wconf 88' lang='lat' dir='ltr'>liberis</span> <span class='ocrx_word' id='word_1_167' title='bbox 1062 1082 1255 1116; x_wconf 82' lang='lat' dir='ltr'>educandis</span> <span class='ocrx_word' id='word_1_168' title='bbox 1289 1081 1412 1128; x_wconf 90' lang='lat' dir='ltr'>petita,</span> <span class='ocrx_word' id='word_1_169' title='bbox 1449 1079 1540 1124; x_wconf 85' lang='lat' dir='ltr'>quae</span> 
     </span>
     <span class='ocr_line' id='line_1_18' title="bbox 114 1142 1542 1188; baseline -0.001 -13"><span class='ocrx_word' id='word_1_170' title='bbox 114 1142 306 1181; x_wconf 85' lang='lat' dir='ltr'>multorum</span> <span class='ocrx_word' id='word_1_171' title='bbox 331 1143 486 1188; x_wconf 87' lang='lat' dir='ltr'>capitum</span> <span class='ocrx_word' id='word_1_172' title='bbox 513 1143 546 1176; x_wconf 89' lang='lat' dir='ltr'>in</span> <span class='ocrx_word' id='word_1_173' title='bbox 572 1142 642 1177; x_wconf 75' lang='lat' dir='ltr'>fine</span> <span class='ocrx_word' id='word_1_174' title='bbox 666 1143 826 1177; x_wconf 88' lang='lat' dir='ltr'>subiecta</span> <span class='ocrx_word' id='word_1_175' title='bbox 859 1143 939 1183; x_wconf 83' lang='lat' dir='ltr'>sint,</span> <span class='ocrx_word' id='word_1_176' title='bbox 968 1148 1150 1188; x_wconf 88' lang='lat' dir='ltr'>postremo</span> <span class='ocrx_word' id='word_1_177' title='bbox 1176 1154 1198 1177; x_wconf 90' lang='lat' dir='ltr'>a</span> <span class='ocrx_word' id='word_1_178' title='bbox 1229 1143 1348 1177; x_wconf 89' lang='lat' dir='ltr'>Nonio</span> <span class='ocrx_word' id='word_1_179' title='bbox 1374 1152 1443 1175; x_wconf 89' lang='lat' dir='ltr'>una</span> <span class='ocrx_word' id='word_1_180' title='bbox 1466 1151 1542 1174; x_wconf 91' lang='lat' dir='ltr'>esse</span> 
     </span>
     <span class='ocr_line' id='line_1_19' title="bbox 114 1201 1542 1249; baseline -0.001 -13"><span class='ocrx_word' id='word_1_181' title='bbox 114 1202 246 1238; x_wconf 84' lang='lat' dir='ltr'>addita.</span> <span class='ocrx_word' id='word_1_182' title='bbox 298 1202 372 1237; x_wconf 90' lang='lat' dir='ltr'>Sed</span> <span class='ocrx_word' id='word_1_183' title='bbox 399 1203 522 1237; x_wconf 88' lang='lat' dir='ltr'>iniuria</span> <span class='ocrx_word' id='word_1_184' title='bbox 549 1202 712 1237; x_wconf 88' lang='lat' dir='ltr'>Schmidt</span> <span class='ocrx_word' id='word_1_185' title='bbox 737 1215 774 1248; x_wconf 89' lang='lat' dir='ltr'>p.</span> <span class='ocrx_word' id='word_1_186' title='bbox 807 1212 871 1247; x_wconf 90' lang='lat'>132</span> <span class='ocrx_word' id='word_1_187' title='bbox 897 1204 965 1237; x_wconf 93' lang='lat' dir='ltr'>ista</span> <span class='ocrx_word' id='word_1_188' title='bbox 989 1203 1154 1249; x_wconf 90' lang='lat' dir='ltr'>exempla</span> <span class='ocrx_word' id='word_1_189' title='bbox 1189 1203 1235 1237; x_wconf 90' lang='lat' dir='ltr'>ab</span> <span class='ocrx_word' id='word_1_190' title='bbox 1269 1203 1348 1249; x_wconf 85' lang='lat' dir='ltr'>ipso</span> <span class='ocrx_word' id='word_1_191' title='bbox 1381 1201 1542 1236; x_wconf 90' lang='lat' dir='ltr'>Varrone</span> 
     </span>
     <span class='ocr_line' id='line_1_20' title="bbox 114 1262 1539 1310; baseline -0.001 -14"><span class='ocrx_word' id='word_1_192' title='bbox 114 1263 226 1309; x_wconf 89' lang='lat' dir='ltr'>petita</span> <span class='ocrx_word' id='word_1_193' title='bbox 253 1274 329 1297; x_wconf 88' lang='lat' dir='ltr'>esse</span> <span class='ocrx_word' id='word_1_194' title='bbox 356 1265 489 1304; x_wconf 88' lang='lat' dir='ltr'>statuit,</span> <span class='ocrx_word' id='word_1_195' title='bbox 518 1265 553 1298; x_wconf 91' lang='lat' dir='ltr'>id</span> <span class='ocrx_word' id='word_1_196' title='bbox 579 1264 676 1309; x_wconf 91' lang='lat' dir='ltr'>quod</span> <span class='ocrx_word' id='word_1_197' title='bbox 702 1275 745 1297; x_wconf 87' lang='lat' dir='ltr'>eo</span> <span class='ocrx_word' id='word_1_198' title='bbox 772 1264 843 1297; x_wconf 91' lang='lat' dir='ltr'>iam</span> <span class='ocrx_word' id='word_1_199' title='bbox 868 1264 1048 1303; x_wconf 88' lang='lat' dir='ltr'>refutatur,</span> <span class='ocrx_word' id='word_1_200' title='bbox 1076 1264 1175 1310; x_wconf 91' lang='lat' dir='ltr'>quod</span> <span class='ocrx_word' id='word_1_201' title='bbox 1204 1263 1301 1310; x_wconf 88' lang='lat' dir='ltr'>apud</span> <span class='ocrx_word' id='word_1_202' title='bbox 1319 1262 1539 1296; x_wconf 80' lang='lat' dir='ltr'>Priscianum</span> 
     </span>
     <span class='ocr_line' id='line_1_21' title="bbox 116 1323 1542 1368; baseline -0.001 -11"><span class='ocrx_word' id='word_1_203' title='bbox 116 1332 188 1357; x_wconf 90' lang='lat' dir='ltr'>non</span> <span class='ocrx_word' id='word_1_204' title='bbox 214 1324 328 1358; x_wconf 90' lang='lat' dir='ltr'>solum</span> <span class='ocrx_word' id='word_1_205' title='bbox 354 1324 449 1358; x_wconf 88' lang='lat' dir='ltr'>idem</span> <span class='ocrx_word' id='word_1_206' title='bbox 473 1324 816 1359; x_wconf 87' lang='lat' dir='ltr'>Varronianum</span> <span class='ocrx_word' id='word_1_207' title='bbox 848 1325 912 1358; x_wconf 89' lang='lat' dir='ltr'>sed</span> <span class='ocrx_word' id='word_1_208' title='bbox 937 1325 1045 1358; x_wconf 88' lang='lat' dir='ltr'>etiam</span> <span class='ocrx_word' id='word_1_209' title='bbox 1080 1325 1174 1358; x_wconf 89' lang='lat' dir='ltr'>idern</span> <span class='ocrx_word' id='word_1_210' title='bbox 1209 1323 1542 1368; x_wconf 86' lang='lat' dir='ltr'>Vergilianum</span> 
     </span>
     <span class='ocr_line' id='line_1_22' title="bbox 115 1383 1546 1430; baseline -0.002 -12"><span class='ocrx_word' id='word_1_211' title='bbox 115 1383 313 1423; x_wconf 87' lang='lat' dir='ltr'>exhibetur,</span> <span class='ocrx_word' id='word_1_212' title='bbox 342 1395 433 1430; x_wconf 91' lang='lat' dir='ltr'>quae</span> <span class='ocrx_word' id='word_1_213' title='bbox 466 1384 574 1418; x_wconf 92' lang='lat' dir='ltr'>ambo</span> <span class='ocrx_word' id='word_1_214' title='bbox 605 1396 651 1419; x_wconf 91' lang='lat' dir='ltr'>ex</span> <span class='ocrx_word' id='word_1_215' title='bbox 687 1383 758 1418; x_wconf 85' lang='lat' dir='ltr'>uno</span> <span class='ocrx_word' id='word_1_216' title='bbox 790 1384 886 1418; x_wconf 77' lang='lat' dir='ltr'>fonte</span> <span class='ocrx_word' id='word_1_217' title='bbox 918 1385 1063 1419; x_wconf 89' lang='lat' dir='ltr'>fluxisse</span> <span class='ocrx_word' id='word_1_218' title='bbox 1101 1396 1247 1419; x_wconf 89' lang='lat' dir='ltr'>necesse</span> <span class='ocrx_word' id='word_1_219' title='bbox 1288 1389 1349 1418; x_wconf 83' lang='lat' dir='ltr'>est.</span> <span class='ocrx_word' id='word_1_220' title='bbox 1413 1383 1546 1428; x_wconf 89' lang='lat' dir='ltr'>Neque</span> 
     </span>
     <span class='ocr_line' id='line_1_23' title="bbox 114 1444 1539 1492; baseline 0 -15"><span class='ocrx_word' id='word_1_221' title='bbox 114 1444 182 1477; x_wconf 86' lang='lat' dir='ltr'>alia</span> <span class='ocrx_word' id='word_1_222' title='bbox 219 1444 390 1478; x_wconf 90' lang='lat' dir='ltr'>Varronis</span> <span class='ocrx_word' id='word_1_223' title='bbox 427 1445 558 1490; x_wconf 89' lang='lat' dir='ltr'>scripta</span> <span class='ocrx_word' id='word_1_224' title='bbox 595 1446 670 1492; x_wconf 90' lang='lat' dir='ltr'>ipse</span> <span class='ocrx_word' id='word_1_225' title='bbox 711 1446 878 1481; x_wconf 84' lang='lat' dir='ltr'>excussit.</span> <span class='ocrx_word' id='word_1_226' title='bbox 941 1446 1034 1480; x_wconf 89' lang='lat' dir='ltr'>Eum</span> <span class='ocrx_word' id='word_1_227' title='bbox 1071 1458 1158 1480; x_wconf 91' lang='lat' dir='ltr'>vero</span> <span class='ocrx_word' id='word_1_228' title='bbox 1200 1446 1352 1484; x_wconf 86' lang='lat' dir='ltr'>fontem,</span> <span class='ocrx_word' id='word_1_229' title='bbox 1395 1445 1429 1478; x_wconf 91' lang='lat' dir='ltr'>in</span> <span class='ocrx_word' id='word_1_230' title='bbox 1467 1454 1539 1490; x_wconf 92' lang='lat' dir='ltr'>quo</span> 
     </span>
     <span class='ocr_line' id='line_1_24' title="bbox 114 1505 1540 1555; baseline 0 -17"><span class='ocrx_word' id='word_1_231' title='bbox 114 1505 302 1551; x_wconf 88' lang='lat' dir='ltr'>praecipue</span> <span class='ocrx_word' id='word_1_232' title='bbox 328 1505 498 1539; x_wconf 85' lang='lat' dir='ltr'>Varronis</span> <span class='ocrx_word' id='word_1_233' title='bbox 523 1506 591 1540; x_wconf 88' lang='lat' dir='ltr'>tria</span> <span class='ocrx_word' id='word_1_234' title='bbox 617 1506 673 1541; x_wconf 88' lang='lat' dir='ltr'>illa</span> <span class='ocrx_word' id='word_1_235' title='bbox 697 1508 828 1552; x_wconf 84' lang='lat' dir='ltr'>scripta</span> <span class='ocrx_word' id='word_1_236' title='bbox 854 1513 1024 1553; x_wconf 89' lang='lat' dir='ltr'>usurpata</span> <span class='ocrx_word' id='word_1_237' title='bbox 1051 1513 1162 1549; x_wconf 83' lang='lat' dir='ltr'>erant,</span> <span class='ocrx_word' id='word_1_238' title='bbox 1190 1518 1261 1541; x_wconf 92' lang='lat' dir='ltr'>non</span> <span class='ocrx_word' id='word_1_239' title='bbox 1287 1511 1404 1555; x_wconf 64' lang='lat' dir='ltr'>artem&gt;</span> <span class='ocrx_word' id='word_1_240' title='bbox 1425 1516 1540 1550; x_wconf 86' lang='lat' dir='ltr'>gram-</span> 
     </span>
     <span class='ocr_line' id='line_1_25' title="bbox 115 1566 1540 1613; baseline 0 -14"><span class='ocrx_word' id='word_1_241' title='bbox 115 1566 294 1605; x_wconf 86' lang='lat' dir='ltr'>maticam,</span> <span class='ocrx_word' id='word_1_242' title='bbox 321 1567 384 1599; x_wconf 91' lang='lat' dir='ltr'>sed</span> <span class='ocrx_word' id='word_1_243' title='bbox 409 1567 536 1600; x_wconf 87' lang='lat' dir='ltr'>librum</span> <span class='ocrx_word' id='word_1_244' title='bbox 562 1567 716 1612; x_wconf 89' lang='lat' dir='ltr'>aliquem</span> <span class='ocrx_word' id='word_1_245' title='bbox 741 1568 788 1601; x_wconf 91' lang='lat' dir='ltr'>ad</span> <span class='ocrx_word' id='word_1_246' title='bbox 812 1568 944 1601; x_wconf 88' lang='lat' dir='ltr'>vietum</span> <span class='ocrx_word' id='word_1_247' title='bbox 965 1569 1171 1613; x_wconf 89' lang='lat' dir='ltr'>cultumque</span> <span class='ocrx_word' id='word_1_248' title='bbox 1199 1573 1235 1602; x_wconf 89' lang='lat' dir='ltr'>et</span> <span class='ocrx_word' id='word_1_249' title='bbox 1259 1573 1421 1601; x_wconf 87' lang='lat' dir='ltr'>veterum</span> <span class='ocrx_word' id='word_1_250' title='bbox 1438 1577 1540 1599; x_wconf 88' lang='lat' dir='ltr'>usum</span> 
     </span>
     <span class='ocr_line' id='line_1_26' title="bbox 115 1625 1542 1673; baseline 0 -14"><span class='ocrx_word' id='word_1_251' title='bbox 115 1631 337 1672; x_wconf 88' lang='lat' dir='ltr'>spectantem</span> <span class='ocrx_word' id='word_1_252' title='bbox 363 1625 469 1660; x_wconf 85' lang='lat' dir='ltr'>fuisse</span> <span class='ocrx_word' id='word_1_253' title='bbox 505 1638 648 1661; x_wconf 90' lang='lat' dir='ltr'>censere</span> <span class='ocrx_word' id='word_1_254' title='bbox 681 1633 834 1673; x_wconf 90' lang='lat' dir='ltr'>oportet,</span> <span class='ocrx_word' id='word_1_255' title='bbox 867 1629 1074 1673; x_wconf 88' lang='lat' dir='ltr'>praesertim</span> <span class='ocrx_word' id='word_1_256' title='bbox 1112 1639 1193 1662; x_wconf 89' lang='lat' dir='ltr'>cum</span> <span class='ocrx_word' id='word_1_257' title='bbox 1230 1627 1401 1661; x_wconf 87' lang='lat' dir='ltr'>Varronis</span> <span class='ocrx_word' id='word_1_258' title='bbox 1431 1626 1542 1660; x_wconf 88' lang='lat' dir='ltr'>verba</span> 
     </span>
     <span class='ocr_line' id='line_1_27' title="bbox 115 1687 1540 1734; baseline 0.001 -15"><span class='ocrx_word' id='word_1_259' title='bbox 115 1696 188 1720; x_wconf 89' lang='lat' dir='ltr'>non</span> <span class='ocrx_word' id='word_1_260' title='bbox 214 1691 252 1720; x_wconf 90' lang='lat' dir='ltr'>ut</span> <span class='ocrx_word' id='word_1_261' title='bbox 275 1687 360 1720; x_wconf 86' lang='lat' dir='ltr'>alias</span> <span class='ocrx_word' id='word_1_262' title='bbox 392 1687 613 1732; x_wconf 87' lang='lat' dir='ltr'>explicentur</span> <span class='ocrx_word' id='word_1_263' title='bbox 645 1688 708 1721; x_wconf 93' lang='lat' dir='ltr'>sed</span> <span class='ocrx_word' id='word_1_264' title='bbox 742 1689 787 1722; x_wconf 91' lang='lat' dir='ltr'>ad</span> <span class='ocrx_word' id='word_1_265' title='bbox 822 1700 877 1722; x_wconf 86' lang='lat' dir='ltr'>res</span> <span class='ocrx_word' id='word_1_266' title='bbox 912 1690 1095 1734; x_wconf 89' lang='lat' dir='ltr'>expositas</span> <span class='ocrx_word' id='word_1_267' title='bbox 1129 1689 1364 1722; x_wconf 88' lang='lat' dir='ltr'>inlustrandas</span> <span class='ocrx_word' id='word_1_268' title='bbox 1391 1693 1428 1721; x_wconf 88' lang='lat' dir='ltr'>et</span> <span class='ocrx_word' id='word_1_269' title='bbox 1459 1698 1540 1720; x_wconf 90' lang='lat' dir='ltr'>con—</span> 
     </span>
     <span class='ocr_line' id='line_1_28' title="bbox 116 1745 1540 1783; baseline 0.001 -4"><span class='ocrx_word' id='word_1_270' title='bbox 116 1745 306 1780; x_wconf 87' lang='lat' dir='ltr'>firmandas</span> <span class='ocrx_word' id='word_1_271' title='bbox 330 1747 576 1782; x_wconf 85' lang='lat' dir='ltr'>adhibeantur.</span> <span class='ocrx_word' id='word_1_272' title='bbox 630 1748 687 1782; x_wconf 88' lang='lat' dir='ltr'>Ex</span> <span class='ocrx_word' id='word_1_273' title='bbox 711 1748 770 1782; x_wconf 89' lang='lat' dir='ltr'>illo</span> <span class='ocrx_word' id='word_1_274' title='bbox 794 1754 913 1783; x_wconf 88' lang='lat' dir='ltr'>autem</span> <span class='ocrx_word' id='word_1_275' title='bbox 940 1750 1029 1783; x_wconf 89' lang='lat' dir='ltr'>libro</span> <span class='ocrx_word' id='word_1_276' title='bbox 1056 1755 1092 1783; x_wconf 89' lang='lat' dir='ltr'>et</span> <span class='ocrx_word' id='word_1_277' title='bbox 1116 1749 1253 1783; x_wconf 90' lang='lat' dir='ltr'>Nonius</span> <span class='ocrx_word' id='word_1_278' title='bbox 1279 1754 1315 1782; x_wconf 90' lang='lat' dir='ltr'>et</span> <span class='ocrx_word' id='word_1_279' title='bbox 1339 1747 1540 1782; x_wconf 87' lang='lat' dir='ltr'>Priscianus</span> 
     </span>
     <span class='ocr_line' id='line_1_29' title="bbox 115 1806 1540 1857; baseline 0 -16"><span class='ocrx_word' id='word_1_280' title='bbox 115 1806 255 1854; x_wconf 89' lang='lat' dir='ltr'>(Caper)</span> <span class='ocrx_word' id='word_1_281' title='bbox 280 1813 316 1842; x_wconf 93' lang='lat' dir='ltr'>et</span> <span class='ocrx_word' id='word_1_282' title='bbox 341 1808 460 1855; x_wconf 88' lang='lat' dir='ltr'>Asper</span> <span class='ocrx_word' id='word_1_283' title='bbox 483 1820 547 1843; x_wconf 87' lang='lat' dir='ltr'>sua</span> <span class='ocrx_word' id='word_1_284' title='bbox 571 1811 781 1856; x_wconf 89' lang='lat' dir='ltr'>petiverunt.</span> <span class='ocrx_word' id='word_1_285' title='bbox 833 1811 875 1845; x_wconf 93' lang='lat' dir='ltr'>Id·</span> <span class='ocrx_word' id='word_1_286' title='bbox 906 1822 1050 1857; x_wconf 90' lang='lat' dir='ltr'>quoque</span> <span class='ocrx_word' id='word_1_287' title='bbox 1082 1809 1237 1844; x_wconf 90' lang='lat' dir='ltr'>Nonium</span> <span class='ocrx_word' id='word_1_288' title='bbox 1276 1819 1349 1842; x_wconf 93' lang='lat' dir='ltr'>non</span> <span class='ocrx_word' id='word_1_289' title='bbox 1382 1807 1540 1842; x_wconf 86' lang='lat' dir='ltr'>Varrone</span> 
     </span>
     <span class='ocr_line' id='line_1_30' title="bbox 115 1868 1538 1916; baseline -0.001 -14"><span class='ocrx_word' id='word_1_290' title='bbox 115 1880 218 1902; x_wconf 90' lang='lat' dir='ltr'>usum</span> <span class='ocrx_word' id='word_1_291' title='bbox 243 1880 321 1903; x_wconf 91' lang='lat' dir='ltr'>esse</span> <span class='ocrx_word' id='word_1_292' title='bbox 347 1871 463 1909; x_wconf 88' lang='lat' dir='ltr'>docet,</span> <span class='ocrx_word' id='word_1_293' title='bbox 500 1870 598 1915; x_wconf 83' lang='lat' dir='ltr'>quod</span> <span class='ocrx_word' id='word_1_294' title='bbox 626 1871 726 1915; x_wconf 70' lang='lat' dir='ltr'>=apud</span> <span class='ocrx_word' id='word_1_295' title='bbox 762 1871 858 1904; x_wconf 81' lang='lat' dir='ltr'>illum</span> <span class='ocrx_word' id='word_1_296' title='bbox 890 1872 1043 1905; x_wconf 89' lang='lat' dir='ltr'>similem</span> <span class='ocrx_word' id='word_1_297' title='bbox 1068 1872 1103 1904; x_wconf 88' lang='lat' dir='ltr'>in</span> <span class='ocrx_word' id='word_1_298' title='bbox 1129 1870 1275 1916; x_wconf 82' lang='lat' dir='ltr'>modum</span> <span class='ocrx_word' id='word_1_299' title='bbox 1309 1874 1417 1914; x_wconf 90' lang='lat' dir='ltr'>atque</span> <span class='ocrx_word' id='word_1_300' title='bbox 1442 1868 1538 1913; x_wconf 90' lang='lat' dir='ltr'>apud</span> 
     </span>
     <span class='ocr_line' id='line_1_31' title="bbox 81 1927 1539 1978; baseline -0.001 -15"><span class='ocrx_word' id='word_1_301' title='bbox 81 1968 84 1971; x_wconf 32' lang='lat'><em>¹</em></span> <span class='ocrx_word' id='word_1_302' title='bbox 113 1928 328 1964; x_wconf 89' lang='lat' dir='ltr'>Priscianum</span> <span class='ocrx_word' id='word_1_303' title='bbox 360 1930 539 1978; x_wconf 28' lang='lat' dir='ltr'>Varronis.</span> <span class='ocrx_word' id='word_1_304' title='bbox 574 1930 682 1965; x_wconf 87' lang='lat' dir='ltr'>verba</span> <span class='ocrx_word' id='word_1_305' title='bbox 719 1931 831 1977; x_wconf 90' lang='lat' dir='ltr'>(apud</span> <span class='ocrx_word' id='word_1_306' title='bbox 873 1931 1009 1976; x_wconf 89' lang='lat' dir='ltr'>Vergili</span> <span class='ocrx_word' id='word_1_307' title='bbox 1046 1934 1334 1965; x_wconf 85' lang='lat' dir='ltr'>conmentatores</span> <span class='ocrx_word' id='word_1_308' title='bbox 1368 1927 1539 1975; x_wconf 88' lang='lat' dir='ltr'>pleniora)</span> 
     </span>
     <span class='ocr_line' id='line_1_32' title="bbox 113 1989 1537 2037; baseline -0.001 -14"><span class='ocrx_word' id='word_1_309' title='bbox 113 1990 275 2024; x_wconf 88' lang='lat' dir='ltr'>mutilata</span> <span class='ocrx_word' id='word_1_310' title='bbox 299 1990 478 2035; x_wconf 84' lang='lat' dir='ltr'>leguntur.</span> <span class='ocrx_word' id='word_1_311' title='bbox 529 1992 657 2037; x_wconf 88' lang='lat' dir='ltr'>Neque</span> <span class='ocrx_word' id='word_1_312' title='bbox 680 1991 876 2026; x_wconf 85' lang='lat' dir='ltr'>Priscianus</span> <span class='ocrx_word' id='word_1_313' title='bbox 903 2004 923 2026; x_wconf 92' lang='lat' dir='ltr'>e</span> <span class='ocrx_word' id='word_1_314' title='bbox 948 1992 1042 2026; x_wconf 91' lang='lat' dir='ltr'>Noni</span> <span class='ocrx_word' id='word_1_315' title='bbox 1067 1992 1157 2026; x_wconf 89' lang='lat' dir='ltr'>libro</span> <span class='ocrx_word' id='word_1_316' title='bbox 1182 1990 1308 2030; x_wconf 86' lang='lat' dir='ltr'>hausit.</span> <span class='ocrx_word' id='word_1_317' title='bbox 1336 1989 1421 2035; x_wconf 88' lang='lat' dir='ltr'>quia</span> <span class='ocrx_word' id='word_1_318' title='bbox 1446 2000 1537 2035; x_wconf 89' lang='lat' dir='ltr'>quae</span> 
     </span>
     <span class='ocr_line' id='line_1_33' title="bbox 113 2047 1537 2097; baseline 0 -16"><span class='ocrx_word' id='word_1_319' title='bbox 113 2047 214 2093; x_wconf 89' lang='lat' dir='ltr'>plura</span> <span class='ocrx_word' id='word_1_320' title='bbox 239 2048 349 2083; x_wconf 89' lang='lat' dir='ltr'>habet</span> <span class='ocrx_word' id='word_1_321' title='bbox 375 2050 419 2083; x_wconf 91' lang='lat' dir='ltr'>de</span> <span class='ocrx_word' id='word_1_322' title='bbox 437 2050 447 2083; x_wconf 86' lang='lat' dir='ltr'>i</span> <span class='ocrx_word' id='word_1_323' title='bbox 466 2050 598 2084; x_wconf 85' lang='lat' dir='ltr'>vocalis</span> <span class='ocrx_word' id='word_1_324' title='bbox 618 2052 814 2097; x_wconf 85' lang='lat' dir='ltr'>quantitate</span> <span class='ocrx_word' id='word_1_325' title='bbox 831 2057 868 2085; x_wconf 91' lang='lat' dir='ltr'>et</span> <span class='ocrx_word' id='word_1_326' title='bbox 884 2052 1129 2086; x_wconf 88' lang='lat' dir='ltr'>testimonium</span> <span class='ocrx_word' id='word_1_327' title='bbox 1147 2063 1167 2085; x_wconf 92' lang='lat' dir='ltr'>e</span> <span class='ocrx_word' id='word_1_328' title='bbox 1192 2049 1306 2084; x_wconf 80' lang='lat' dir='ltr'>Plauti</span> <span class='ocrx_word' id='word_1_329' title='bbox 1327 2048 1537 2083; x_wconf 90' lang='lat' dir='ltr'>Curculione</span> 
     </span>
     <span class='ocr_line' id='line_1_34' title="bbox 112 2108 1536 2158; baseline 0.001 -16"><span class='ocrx_word' id='word_1_330' title='bbox 112 2108 261 2157; x_wconf 68' lang='lat' dir='ltr'>petitum</span> <span class='ocrx_word' id='word_1_331' title='bbox 300 2121 381 2144; x_wconf 90' lang='lat' dir='ltr'>cum</span> <span class='ocrx_word' id='word_1_332' title='bbox 407 2111 527 2157; x_wconf 86' lang='lat' dir='ltr'>Aspro</span> <span class='ocrx_word' id='word_1_333' title='bbox 548 2116 590 2145; x_wconf 28' lang='lat' dir='ltr'>ret</span> <span class='ocrx_word' id='word_1_334' title='bbox 614 2110 739 2146; x_wconf 82' lang='lat' dir='ltr'>Servio</span> <span class='ocrx_word' id='word_1_335' title='bbox 764 2117 974 2158; x_wconf 85' lang='lat' dir='ltr'>congruunt.</span> <span class='ocrx_word' id='word_1_336' title='bbox 1026 2112 1101 2146; x_wconf 90' lang='lat' dir='ltr'>Iam</span> <span class='ocrx_word' id='word_1_337' title='bbox 1135 2123 1222 2146; x_wconf 89' lang='lat' dir='ltr'>vero</span> <span class='ocrx_word' id='word_1_338' title='bbox 1255 2122 1336 2146; x_wconf 91' lang='lat' dir='ltr'>cum</span> <span class='ocrx_word' id='word_1_339' title='bbox 1371 2109 1536 2145; x_wconf 83' lang='lat' dir='ltr'>Prisciani</span> 
     </span>
     <span class='ocr_line' id='line_1_35' title="bbox 110 2168 1537 2219; baseline 0.001 -18"><span class='ocrx_word' id='word_1_340' title='bbox 110 2168 130 2203; x_wconf 92' lang='lat' dir='ltr'>l.</span> <span class='ocrx_word' id='word_1_341' title='bbox 159 2169 180 2202; x_wconf 92' lang='lat'>1.</span> <span class='ocrx_word' id='word_1_342' title='bbox 205 2170 377 2216; x_wconf 87' lang='lat' dir='ltr'>principio</span> <span class='ocrx_word' id='word_1_343' title='bbox 415 2182 484 2206; x_wconf 92' lang='lat' dir='ltr'>non</span> <span class='ocrx_word' id='word_1_344' title='bbox 518 2183 564 2206; x_wconf 88' lang='lat' dir='ltr'>ex</span> <span class='ocrx_word' id='word_1_345' title='bbox 584 2177 663 2206; x_wconf 86' lang='lat' dir='ltr'>arte</span> <span class='ocrx_word' id='word_1_346' title='bbox 688 2174 920 2217; x_wconf 85' lang='lat' dir='ltr'>grammatica</span> <span class='ocrx_word' id='word_1_347' title='bbox 958 2173 1171 2219; x_wconf 79' lang='lat' dir='ltr'>provenerit,</span> <span class='ocrx_word' id='word_1_348' title='bbox 1206 2171 1291 2206; x_wconf 86' lang='lat' dir='ltr'>nihil</span> <span class='ocrx_word' id='word_1_349' title='bbox 1328 2177 1383 2206; x_wconf 91' lang='lat' dir='ltr'>est</span> <span class='ocrx_word' id='word_1_350' title='bbox 1406 2181 1467 2205; x_wconf 89' lang='lat' dir='ltr'>cur</span> <span class='ocrx_word' id='word_1_351' title='bbox 1491 2170 1537 2203; x_wconf 93' lang='lat' dir='ltr'>de</span> 
     </span>
     <span class='ocr_line' id='line_1_36' title="bbox 109 2229 1532 2280; baseline 0.001 -18"><span class='ocrx_word' id='word_1_352' title='bbox 109 2229 225 2263; x_wconf 91' lang='lat' dir='ltr'>Plinio</span> <span class='ocrx_word' id='word_1_353' title='bbox 250 2230 458 2274; x_wconf 82' lang='lat' dir='ltr'>cogitemus.</span> <span class='ocrx_word' id='word_1_354' title='bbox 511 2231 625 2266; x_wconf 88' lang='lat' dir='ltr'>Immo</span> <span class='ocrx_word' id='word_1_355' title='bbox 650 2232 770 2267; x_wconf 88' lang='lat' dir='ltr'>Hertzi</span> <span class='ocrx_word' id='word_1_356' title='bbox 800 2234 976 2268; x_wconf 86' lang='lat' dir='ltr'>sententia</span> <span class='ocrx_word' id='word_1_357' title='bbox 1009 2234 1138 2279; x_wconf 87' lang='lat' dir='ltr'>(annal.</span> <span class='ocrx_word' id='word_1_358' title='bbox 1173 2233 1294 2280; x_wconf 89' lang='lat' dir='ltr'>philol.</span> <span class='ocrx_word' id='word_1_359' title='bbox 1323 2232 1391 2268; x_wconf 89' lang='lat' dir='ltr'>vol.</span> <span class='ocrx_word' id='word_1_360' title='bbox 1427 2233 1470 2274; x_wconf 88' lang='grc'>85</span> <span class='ocrx_word' id='word_1_361' title='bbox 1499 2243 1532 2277; x_wconf 90' lang='lat' dir='ltr'>p.</span> 
     </span>
     <span class='ocr_line' id='line_1_37' title="bbox 112 2290 1533 2341; baseline 0 -17"><span class='ocrx_word' id='word_1_362' title='bbox 112 2291 197 2336; x_wconf 90' lang='lat'>798)</span> <span class='ocrx_word' id='word_1_363' title='bbox 222 2290 266 2324; x_wconf 90' lang='lat' dir='ltr'>de</span> <span class='ocrx_word' id='word_1_364' title='bbox 290 2290 461 2326; x_wconf 89' lang='lat' dir='ltr'>Suetonio</span> <span class='ocrx_word' id='word_1_365' title='bbox 486 2292 579 2327; x_wconf 90' lang='lat' dir='ltr'>Noni</span> <span class='ocrx_word' id='word_1_366' title='bbox 598 2313 644 2319; x_wconf 84' lang='lat'>--</span> <span class='ocrx_word' id='word_1_367' title='bbox 660 2294 836 2341; x_wconf 87' lang='lat' dir='ltr'>simulque</span> <span class='ocrx_word' id='word_1_368' title='bbox 861 2299 1059 2329; x_wconf 89' lang='lat' dir='ltr'>ceterorum</span> <span class='ocrx_word' id='word_1_369' title='bbox 1074 2299 1278 2329; x_wconf 85' lang='lat' dir='ltr'>-auctore</span> <span class='ocrx_word' id='word_1_370' title='bbox 1303 2292 1387 2328; x_wconf 88' lang='lat' dir='ltr'>mihi</span> <span class='ocrx_word' id='word_1_371' title='bbox 1412 2292 1533 2326; x_wconf 87' lang='lat' dir='ltr'>admo·</span> 
     </span>
     <span class='ocr_line' id='line_1_38' title="bbox 113 2350 594 2403; baseline 0.006 -19"><span class='ocrx_word' id='word_1_372' title='bbox 113 2350 199 2385; x_wconf 91' lang='lat' dir='ltr'>dum</span> <span class='ocrx_word' id='word_1_373' title='bbox 224 2351 419 2403; x_wconf 86' lang='lat' dir='ltr'>probabilis</span> <span class='ocrx_word' id='word_1_374' title='bbox 444 2353 594 2387; x_wconf 91' lang='lat' dir='ltr'>videtur.</span> 
     </span>
    </p>
   </div>
  </div>
 </body>
</html>
