1751 2750
852 153 900 188 49

344 270 425 305 321,
454 270 474 295 2
501 260 708 295 scrobes-V
737 261 813 300 168,
834 261 865 295 -6
891 260 1049 305 (Plautus
1073 261 1108 294 in
1135 259 1329 306 Amphitr.)

357 342 402 347 —
431 329 477 355 20
502 321 617 365 adeps
748 341 794 347 —-
826 322 868 355 16
893 321 1021 366 (Varro
1046 332 1110 355 rer.
1141 327 1222 355 rust.
1248 321 1293 367 11)

345 390 476 425 330,2o
501 381 594 415 Palla
619 381 669 414 VI
700 389 780 424 239,
814 390 864 425 17>
881 381 1086 426 (Vergilius)

344 450 425 485 339,
455 442 476 475 8
502 441 666 485 bipennis
689 441 725 474 V
754 441 830 481 160,
857 435 882 474 ὅ
906 441 1106 485 (Vergilius)

358 522 405 527 —
436 510 476 535 12
504 512 568 545 par
592 501 643 535 VI
669 510 749 544 223,
778 509 797 545 7
826 501 973 545 (Vergil.
1001 501 1178 547 Lucanus)

348 564 428 605 348,
462 571 473 594 1
504 562 629 595 victrix
654 562 689 595 V
720 561 796 600 166.
828 570 843 604 5
871 561 1060 607 (Lucanus)

345 630 426 664 349,
454 622 477 654 6
504 621 647 655 Achate
670 621 720 655 VI
746 623 827 663 248.
862 630 901 655 12
929 621 1132 666 (Vergilius)

354 702 400 707 —
433 690 471 724 13
500 681 593 715 fame
619 681 668 715 VI
693 671 773 724 243,
807 690 847 714 12
873 681 1020 724 (Vergil.
1045 681 1230 726 Iuvenalis)

167 741 224 788 (cf.
254 741 354 787 Serg.
373 742 418 778 K.
436 742 487 776 IV
501 742 591 786 496,
616 749 632 785 5
653 747 689 776 et
701 742 825 787 Pomp.
853 741 898 777 Κ.
923 741 958 775 V
987 748 1063 785 175,
1092 750 1148 786 30,
1177 742 1236 775 ubi
1262 741 1378 787 Caper
1401 742 1587 787 laudatur).

284 803 358 836 Iam
388 814 473 836 vero
498 814 709 847 quaeramus
734 814 827 847 quae
854 814 900 836 ex
925 802 994 836 hoc
1019 803 1108 836 libro
1125 802 1239 836 Plinio
1263 803 1334 837 sint
1358 803 1587 847 adsignanda.

283 874 317 908 p.
347 872 428 907 300,
461 865 502 897 18
533 863 713 898 »Teucrus
743 864 951 898 Euandrus«
981 876 1026 896 :z
1059 863 1163 897 Char.
1210 864 1286 903 128,
1328 872 1339 896 1
1372 864 1417 908 (ν.
1454 875 1488 908 p.
1520 864 1588 909 22).

283 937 318 968 p.
348 934 428 967 309,
462 934 500 958 12
540 936 630 969 quae
663 925 708 959 de
738 925 909 958 festorum
946 924 1082 958 dierum
1125 924 1327 957 nominibus
1365 930 1592 966 exponuntur

169 984 260 1018 P-lini
286 995 343 1029 ap.
363 984 466 1018 Char.
492 994 568 1027 143,
595 994 635 1027 19
652 985 856 1019 admonent.
896 984 1012 1028 Quem
1031 989 1244 1027 conpertum
1263 984 1436 1017 habemus
1453 989 1592 1027 praeter

168 1044 341 1079 rationem
367 1045 385 1078 i.
415 1056 445 1078 e.
471 1044 685 1089 analogiam,
711 1056 805 1090 quae
836 1045 909 1079 ium
943 1044 1215 1084 conmendaret,
1242 1044 1492 1078 auctoritatem
1519 1055 1590 1078 non

168 1115 313 1150 prorsus
341 1105 502 1138 reiecisse
527 1106 572 1149 (v.
592 1105 695 1141 Char.
721 1105 779 1145 62,
804 1113 842 1147 15
871 1111 906 1139 et
935 1105 1011 1148 146,
1045 1114 1084 1148 31
1116 1110 1153 1138 et
1194 1116 1287 1150 quae
1324 1115 1431 1150 supra
1471 1114 1503 1150 p.
1546 1113 1586 1138 21

169 1165 215 1199 de
238 1165 292 1199 his
318 1158 405 1199 l'ocis
431 1165 632 1212 disputavi).

281 1237 316 1271 p.
345 1233 425 1269 315,
462 1236 501 1270 13
526 1217 682 1271 ⁸»plures,
710 1226 926 1273 compluria«
960 1244 1020 1258 z
1044 1226 1147 1261 Char.
1195 1233 1271 1270 125,
1308 1234 1339 1268 3,
1367 1226 1427 1260 ubi
1464 1226 1593 1260 Plinius

169 1286 212 1319 de
252 1287 379 1320 eodem
421 1287 589 1332 exemplo
621 1287 837 1321 Terentiano
876 1288 1051 1321 disserens
1086 1287 1260 1322 laudatur.
1313 1286 1449 1320 Similia
1482 1286 1593 1320 habes

171 1347 265 1391 apud
290 1346 395 1382 Prisc.
421 1358 455 1392 p.
486 1348 541 1391 89,
572 1354 588 1391 5
618 1352 653 1381 et
678 1354 759 1391 350.
791 1356 842 1383 11.

282 1418 316 1450 p.
346 1409 426 1449 318,
455 1418 473 1450 3
515 1419 677 1441 ›ossum‹
714 1408 785 1441 iam
819 1418 925 1453 supra
973 1419 1007 1452 p.
1046 1415 1091 1450 45
1130 1408 1271 1441 conlato
1297 1407 1403 1444 Char.
1442 1409 1518 1451 138.
1551 1416 1590 1450 17

165 1477 243 1510 sqq.
272 1466 380 1500 Plinio
405 1468 669 1501 vindicavimus.
723 1468 821 1501 Idem
839 1466 902 1503 Cn.
922 1466 1012 1501 Gelli
1037 1479 1153 1501 rerum
1180 1468 1362 1512 scriptoris
1388 1468 1592 1513 exemplum

167 1526 274 1560 etiam
300 1527 334 1560 in
361 1527 466 1573 Capri
491 1527 537 1561 de
561 1528 721 1572 orthogr.
757 1528 874 1562 libello
899 1528 944 1564 K.
971 1528 1037 1562 V11
1069 1537 1145 1567 100.
1180 1538 1191 1562 1
1223 1528 1500 1573 intellegendum
1525 1534 1589 1568 est,

102 1629 111 1636 .
168 1587 228 1621 ubi
265 1587 438 1622 ›Gellius‹
475 1600 495 1622 e
533 1589 680 1622 ›celius‹
719 1593 815 1623 recte
846 1590 998 1623 restituit
1030 1589 1136 1622 Peter
1167 1588 1247 1624 hist.
1282 1589 1386 1622 Rom.
1422 1589 1519 1632 reliq.
1554 1600 1588 1632 p.

168 1645 381 1682 CCXXXIV
406 1649 448 1692 (v.
476 1650 583 1683 etiam
610 1661 642 1694 p.
669 1657 714 1692 39
739 1650 1011 1696 adnotationem
1036 1651 1175 1694 meam).
1560 1694 1564 1698 ι

284 1719 318 1751 p.
348 1709 428 1751 326,
457 1718 503 1750 24
542 1709 672 1743 ›lacte‹
708 1710 863 1744 concinit
895 1721 976 1744 cum
1009 1710 1113 1744 Prisc.
1146 1718 1225 1749 212,
1258 1719 1283 1752 4
1309 1715 1345 1743 et
1371 1709 1474 1743 Char.
1508 1717 1584 1749 102,

167 1778 201 1810 4,
228 1769 273 1802 de
298 1770 426 1813 quibus
451 1770 537 1804 locis
564 1782 598 1814 p.
625 1771 672 1804 26
696 1775 732 1804 et
757 1782 792 1815 p.
819 1780 867 1813 44
893 1771 1106 1806 existimavi.
1424 1767 1429 1771 ”

285 1841 320 1875 p.
349 1839 429 1873 331,
462 1831 503 1863 16
533 1841 684 1864 »mare«.
739 1831 838 1865 Haec
863 1832 916 1865 eis
950 1842 1042 1875 quae
1075 1830 1173 1875 apud
1198 1829 1304 1866 Char.
1348 1838 1424 1873 137,
1465 1839 1505 1863 12
1532 1841 1589 1863 ex—

166 1894 261 1924 stant
285 1889 377 1924 adeo
404 1901 563 1934 congrua
587 1896 678 1932 sunt,
707 1896 746 1925 ut
777 1890 867 1925 sorte
894 1891 972 1935 quis
998 1891 1089 1926 illinc
1121 1902 1164 1925 ea
1195 1890 1364 1926 translata
1396 1903 1474 1926 esse
1500 1891 1590 1925 arbi·

166 1955 286 1984 tretur.
339 1950 446 1994 Quod
471 1956 592 1996 tamen
618 1962 713 1995 nego
730 1962 812 1985 cum
836 1952 1002 1986 omnibus
1020 1953 1146 1986 ceteris
1172 1952 1341 1996 respectis
1358 1957 1434 1985 tum
1452 1963 1484 1996 p.
1509 1953 1587 1993 318,

167 2018 198 2051 4,
229 2010 287 2044 ubi
314 2011 360 2044 de
386 2009 475 2045 Gelli
502 2011 679 2055 exemplo,
705 2011 770 2046 nisi
794 2011 872 2046 libri
909 2023 1076 2046 numerus
1100 2012 1265 2052 differret,
1296 2012 1401 2045 idem‘
1421 2011 1588 2058 praeiudi-

167 2071 237 2103 cari
264 2077 394 2116 posset.
448 2069 604 2106 Adcedit
629 2073 726 2115 quod
752 2078 874 2107 nostro
898 2074 978 2106 loco
1005 2073 1266 2107 Varronianum
1292 2072 1337 2105 de
1355 2077 1462 2115 gente
1487 2082 1523 2115 p.
1543 2072 1586 2105 R.

165 2134 202 2163 et
235 2130 434 2167 Plautinum
461 2142 481 2165 e
514 2131 708 2166 Cistellaria
734 2132 844 2172 deest,
881 2138 1006 2166 contra
1031 2133 1125 2166 aliud
1156 2132 1355 2166 Plautinum
1379 2143 1400 2165 e
1425 2131 1590 2165 Rudente

167 2190 329 2225 additum
354 2197 420 2228 est.
470 2191 579 2237 Quod
606 2193 736 2239 pariter
760 2193 870 2228 Plinio
898 2193 1020 2228 deberi
1047 2194 1198 2229 videtur.

275 2252 469 2287 Praeterea
501 2254 582 2287 vide
615 2265 707 2299 quae
740 2254 786 2288 de
822 2255 890 2288 abl.
926 2255 1017 2298 sing.
1052 2255 1099 2288 111
1131 2254 1218 2288 decl.
1254 2253 1490 2297 disputantur.
1550 2253 1589 2287 In

99 2342 105 2356 ,
166 2312 295 2357 quibus
329 2314 425 2349 haud
458 2315 565 2352 dubie
600 2316 749 2360 vestigia
777 2314 930 2350 Pliniana
962 2316 1091 2356 insunt,
1127 2315 1224 2349 velut
1249 2325 1341 2359 quae
1367 2326 1400 2361 p.
1430 2321 1512 2358 335,
1545 2321 1585 2357 15

168 2378 203 2406 et
237 2383 332 2417 347‚.
358 2384 397 2409 12
425 2376 483 2409 -de
520 2376 722 2410 nominibus
758 2376 910 2421 propriis
948 2387 993 2410 ex
1029 2376 1212 2410 adiectivis
1250 2375 1352 2409 factis
1390 2375 1588 2411 traduntur.

116 2471 119 2478 ¹
167 2431 300 2468 Confer
324 2435 418 2470 enim
444 2436 610 2480 exempla
630 2436 827 2473 >»Martialis
850 2436 999 2471 Annalis
1024 2436 1196 2471 Iuvenalis
1221 2436 1342 2471 Felix«
1371 2446 1455 2470 cum
1482 2435 1589 2473 Char.
