1751 2750
858 126 882 160 9

156 233 284 267 eodem
310 234 400 267 libro
425 234 475 268 VI
500 239 536 268 et
561 234 693 267 Livius.
733 234 797 268 sed
822 239 858 268 et
890 233 996 267 ceteri
1022 233 1170 267 adsidue
1208 232 1384 267 amforum
1422 231 1582 278 (dicunt),

0 286 10 315 Τ
39 307 47 315 r
71 291 77 298 “
99 284 101 286 ’
156 293 186 326 si
212 293 438 334 coniunctim,
467 299 505 328 ut
535 294 588 328 »X
614 293 711 328 milia
734 294 911 328 amforum
934 294 1094 327 modium
1121 294 1324 327 sestertium
1349 301 1579 332 nummum‹;

155 353 183 387 si
209 364 273 398 per
297 365 354 395 se,
389 353 649 394 amforarum«,
687 353 776 388 haec
801 353 836 387 in
860 365 888 388 c.
915 353 1016 388 XVII
1040 365 1075 398 p.
1109 362 1185 397 129,
1218 362 1254 387 11
1287 352 1412 387 leviter
1436 357 1581 387 tantum

155 415 457 460 perstringuntur:
489 429 517 447 ›.
536 444 543 451 .
560 440 591 447 ..
621 419 657 448 et
680 415 892 454 sestertium,
923 415 1045 459 inquit,
1075 420 1128 448 tot
1154 414 1283 448 milia«.

273 475 465 518 Postquam
490 474 596 517 igitur
621 474 772 507 vidimus
790 475 941 508 Romani
969 475 1014 508 de
1041 474 1205 519 analogia
1230 474 1357 508 librum
1383 473 1603 517 pleniorem*

156 535 267 569 fuisse
283 522 391 580 quam
410 533 549 578 qualem
576 534 672 578 apud
689 533 887 568 Charisium
905 534 1089 574 habemus,
1119 546 1190 568 non
1215 546 1306 580 opus
1323 540 1377 568 est
1403 534 1578 574 conicere,

110 598 114 600 “
156 595 184 629 si
209 606 280 639 qua
305 606 352 628 ex
369 595 419 628 eis
436 605 527 637 quae
546 594 579 627 in
605 605 635 629 c.
653 594 723 627 XV
748 605 828 627 cum
848 605 877 628 c.
894 594 995 627 XVII
1012 595 1200 627 concinant
1227 616 1272 620 —
1290 605 1383 638 quae
1402 586 1578 628 Schottm.

156 665 189 700 p.
221 663 260 689 21
292 666 366 700 sqq.
395 653 551 697 conlegit
579 674 623 678 —
650 653 716 688 illic
741 654 906 688 uberiora
932 654 1177 694 exhibeantur,
1212 655 1419 689 Romanu
1435 666 1470 689 m
1496 664 1578 689 cum

156 727 185 749 c.
213 715 283 748 XV
306 720 451 748 auctore
484 715 650 747 conmuni
684 714 783 748 fonte
815 725 893 747 esse
927 725 1039 747 usum.
1092 715 1407 757 Adquiescendum
1438 721 1492 749 est
1517 715 1576 755 ita,

156 780 195 808 ut
218 775 377 809 dicamus
413 779 551 818 caput
577 773 702 807 XVII
728 773 852 807 saltem
875 778 911 807 et
930 784 960 809 c.
981 773 1050 807 XV
1066 774 1112 808 ad
1131 775 1283 808 eundem
1295 774 1430 808 sontem
1452 775 1576 809 redire.

156 835 344 869 Proximus
375 839 498 868 autem
524 845 553 869 e.
581 834 682 867 XVII
707 833 787 867 sons
814 839 867 867 est
904 834 1013 877 ipsius
1045 834 1195 867 Romani
1230 835 1410 879 scriptum.
1467 835 1580 869 Porro

157 895 254 938 quod
272 889 396 928 'Christ
421 893 540 938 philol.
568 893 686 927 XVIII
713 906 745 939 p.
778 902 842 927 122
869 894 969 927 dicit:
1002 894 1102 929 »Da.
1120 920 1126 926 .
1142 920 1174 927 ..
1202 894 1387 928 Romanus
1410 905 1447 940 p.
1478 895 1577 939 146,3

156 967 201 990 an
225 956 322 990 einer
346 954 457 995 stelle,
485 955 542 988 die
576 954 642 988 mit
676 963 781 998 71,20
816 966 932 998 genau
967 954 1257 996 iibereinstimmt‚
1299 956 1368 990 den
1402 955 1580 1000 Vergilius

156 1016 253 1050 nicht
277 1016 367 1049 nach
393 1015 509 1048 seiner
535 1015 857 1058 eigenthiimlichen
883 1016 988 1048 weise
1023 1015 1087 1048 mit
1123 1016 1205 1049 dem
1244 1027 1443 1060 cognomen
1480 1016 1580 1050 Maro

156 1074 280 1116 citiert,
308 1087 349 1110 so
375 1075 504 1110 erklart
528 1074 603 1110 sich
629 1075 744 1109 dieses
770 1086 835 1109 nur
868 1076 1005 1116 daraus,
1040 1076 1120 1109 dass
1160 1076 1233 1110 ihm
1269 1076 1345 1110 hier
1379 1077 1441 1110 der
1476 1088 1579 1110 name

156 1137 336 1181 Vergilius
361 1147 425 1170 aus
452 1137 515 1169 der
541 1135 671 1169 Schrift
696 1137 759 1170 des
786 1136 1057 1179 grammatikers
1084 1136 1253 1177 unterlief,
1281 1137 1350 1170 den
1375 1148 1412 1170 er
1447 1138 1578 1181 gerade

156 1208 200 1231 an
225 1197 340 1230 dieser
363 1196 465 1230 stelle
491 1197 680 1230 benutzte‹
710 1197 745 1230 id
771 1196 855 1230 nihil
880 1197 1126 1230 demonstrare
1159 1202 1299 1241 potest:
1336 1208 1419 1231 nam
1453 1198 1579 1243 capitis

154 1257 223 1292 XV
247 1262 371 1290 auctor
396 1268 538 1301 semper
562 1262 709 1301 poetam
734 1256 929 1300 Vergilium
956 1262 1063 1290 vocat
1089 1262 1124 1290 et
1149 1268 1194 1290 ex
1219 1258 1345 1301 quovis
1380 1257 1479 1292 sonte
1504 1258 1578 1292 Ro-

157 1329 282 1352 manus
306 1318 442 1362 Vergili
469 1329 609 1357 nomen,
638 1317 665 1351 si
693 1317 838 1362 quidem
865 1317 1007 1357 invenit,
1035 1317 1267 1352 transcribere
1301 1319 1428 1362 potuit.
1479 1317 1579 1353 Cete—

157 1390 234 1413 rum
261 1390 331 1423 ego
358 1379 477 1424 potius
504 1378 637 1413 Charisi
665 1378 889 1422 neglegentia
913 1377 996 1411 illud
1022 1379 1239 1412 conmissum
1258 1389 1336 1412 esse
1353 1379 1575 1415 crediderim.

155 1439 263 1483 Quod
290 1440 442 1483 denique
468 1438 586 1473 Christ
610 1438 630 1471 l.
658 1438 677 1471 l.
707 1450 741 1482 p.
766 1446 829 1479 123
850 1437 965 1471 adfert
989 1442 1022 1480 p.
1050 1447 1135 1480 90‚4
1160 1444 1196 1472 et
1221 1450 1255 1482 p.
1289 1447 1415 1482 131,17
1443 1439 1576 1475 Charis.

154 1499 312 1539 conlatis,
341 1499 402 1533 ubi
433 1510 518 1533 sane
555 1498 700 1533 Catonis
732 1509 777 1531 ex
816 1497 1086 1532 »Admirandis‹
1115 1498 1320 1542 exemplum
1346 1499 1381 1533 in
1406 1499 1575 1533 conmuni

154 1559 252 1593 fonte
278 1560 499 1594 intercidisse
526 1560 674 1598 videtur,
711 1559 914 1592 Romanum
948 1559 1019 1592 iarn
1046 1559 1080 1592 in
1104 1557 1201 1593 fonte
1239 1571 1305 1593 suo
1331 1560 1492 1594 lacunam
1529 1560 1577 1593 in-

155 1621 296 1654 venisse
322 1621 441 1660 videri,
471 1621 507 1654 id
533 1632 578 1654 ex
605 1621 655 1654 eis
686 1631 778 1664 quae
812 1619 922 1653 modo
961 1619 1111 1664 exposui
1143 1631 1210 1664 pro
1250 1625 1465 1664 argumento
1500 1631 1578 1654 esse

154 1692 225 1714 non
250 1686 385 1725 potest:
420 1681 561 1720 etenim,
601 1687 638 1715 ut
673 1680 806 1724 aliquid
837 1680 1008 1714 interiisse
1041 1691 1162 1713 verum
1201 1681 1256 1720 sit,
1295 1692 1357 1715 cur
1397 1692 1467 1715 non
1501 1681 1578 1726 ipse

154 1741 304 1775 Romani
328 1741 415 1775 liber
439 1740 574 1775 Charisi
600 1741 678 1775 fons
705 1741 868 1774 lacunam
894 1740 1060 1774 habuisse
1086 1740 1225 1785 potest?
1251 1763 1297 1768 —

270 1802 343 1835 Iam
370 1812 454 1834 vero
481 1807 673 1845 postquam
710 1800 840 1835 Christi
875 1807 910 1834 et
946 1800 1137 1834 Morawski
1171 1802 1383 1835 sententiam
1417 1812 1488 1835 non
1521 1813 1577 1835 ne-

129 1861 343 1911 cessariam
377 1872 454 1894 esse
488 1861 651 1901 vidimus,
687 1861 847 1894 conabor
880 1860 1125 1895 demonstrare
1159 1861 1305 1896 omnino
1338 1861 1434 1895 nullo
1467 1861 1590 1896 modo-

155 1933 234 1956 eam
259 1923 482 1968 probandam
508 1934 586 1957 esse
612 1928 647 1956 et
665 1923 709 1956 ad
728 1927 889 1966 quantas,
910 1922 938 1955 si
966 1933 1045 1955 eam
1070 1923 1303 1968 amplectaris,
1324 1923 1579 1968 discrepantias

153 1983 338 2026 depellaris
365 1984 562 2017 ostendam.
614 1983 832 2027 Praecipiam
861 1993 923 2016 eos
949 1993 978 2016 c.
1007 1982 1076 2015 XV
1102 1982 1209 2021 locos,
1237 1982 1367 2026 quibus
1392 1983 1579 2016 nomine

108 2088 111 2090 Α
153 2044 375 2088 adposito
401 2044 584 2078 Romanus
609 2049 733 2078 auctor
758 2043 938 2087 proditur:
973 2054 1008 2087 p,
1040 2050 1156 2085 53‚12.
1196 2043 1284 2085 56,4.
1320 2042 1413 2085 61‚5.
1475 2042 1578 2086 Quos

156 2103 343 2138 Morawski
369 2103 390 2140 l.
417 2104 437 2140 l.
464 2116 498 2148 p.
539 2112 608 2147 342
638 2125 680 2129 —
708 2103 804 2137 haud
831 2103 939 2137 dubie
970 2103 1093 2136 iniuria
1122 2124 1164 2128 —
1189 2114 1261 2136 non
1293 2114 1313 2135 a
1343 2101 1504 2136 Charisio
1530 2104 1577 2136 in-

154 2163 255 2203 latos,
283 2164 348 2197 sed
373 2164 470 2208 apud
495 2164 621 2209 prioris
646 2164 756 2210 partis
774 2168 956 2198 auctorem
981 2168 1142 2209 repertos
1159 2174 1236 2197 esse
1260 2167 1392 2196 censet.
1445 2162 1578 2198 Contra

154 2224 291 2258 Keih'us
315 2224 544 2269 praefationis
570 2236 604 2268 p.
630 2225 763 2259 XLVII
790 2230 826 2259 et
850 2224 1027 2260 Schottm.
1053 2234 1088 2267 p.
1117 2233 1157 2257 21
1190 2234 1252 2257 eos
1285 2234 1306 2256 a
1332 2222 1494 2257 Charisio
1529 2224 1576 2258 in-

148 2372 220 2407 μών
239 2369 349 2402 librum,
372 2369 400 2395 in
421 2378 476 2404 quo
497 2369 532 2395 de
553 2370 683 2404 analogia
708 2373 854 2396 tractatum
874 2373 946 2403 erat,
969 2367 1139 2402 significare,
1162 2366 1211 2393 sed
1234 2375 1249 2393 e
1272 2367 1397 2402 sequenti
1421 2367 1494 2393 »VI«
1517 2375 1577 2403 per-

153 2429 247 2456 peram
268 2420 419 2448 inculcatus
440 2429 498 2447 esse
521 2420 635 2448 videtur.
677 2420 720 2447 Cf.
743 2420 826 2447 etiam
847 2419 912 2446 Keil
933 2419 1019 2456 praef.
1042 2418 1146 2446 Charis.
1168 2427 1195 2454 p.
1216 2417 1307 2444 XLVI
1328 2418 1413 2445 adnot
