1751 2750
114 335 121 340 ,
137 277 233 322 iiber
249 287 315 321 das
337 287 517 333 aeolische
543 288 939 332 digamma.’vielleicht
956 287 1136 333 'schopfte
1168 300 1205 323 er
1231 300 1296 323 aus
1321 289 1473 334 Trypho
1494 284 1572 324 'und

136 348 354 392 verdr'angte
380 348 478 381 seine
503 349 675 382 arbeiten.
705 350 770 384 mit
795 350 992 385 ausnahme
1018 350 1081 384 des
1106 349 1348 394 hypomnems
1373 360 1453 384 zum
1467 349 1575 385 Kalli-

141 407 289 441 machus
315 408 484 442 stimmen
510 408 568 442 die
594 409 669 443 titel
695 411 812 444 seiner
837 411 1010 445 schriften
1032 410 1095 444 mit
1130 410 1247 444 denen
1273 409 1443 455 Tryphos
1468 409 1572 444 iiber-

136 468 229 503 ein«.
282 468 357 501 Iam
385 468 471 501 vero
498 474 631 503 restant
655 470 723 503 hae
748 471 1118 505 conmemorationes:
1149 471 1204 510 26,
1238 471 1280 504 16
1307 470 1413 515 Plini3
1441 478 1498 513 27,
1531 479 1568 504 11

136 527 378 572 Papiriani
404 528 449 561 de
475 528 749 573 orthographia;
777 539 833 573 29,
861 540 895 574 9.
928 532 970 565 18
995 531 1099 572 Plini;
1129 540 1185 574 31,
1213 540 1233 564 2
1262 530 1347 564 Plini
1373 535 1409 565 et
1443 530 1575 576 Papi-

137 588 256 621 riani
292 593 328 622 et
352 588 473 623 Probi.
524 590 647 635 Atque
678 601 723 623 ex
755 591 805 624 eis
838 591 926 625 locis
958 592 1089 636 quibus
1123 591 1335 635 Papirianus
1372 590 1576 636 adpellatur

137 648 298 682 conicere
325 648 407 682 licet
432 660 503 683 non
530 661 645 696 pauca
671 650 717 684 ab
741 662 786 685 eo
812 651 1003 695 desumpta
1038 663 1125 692 esse,
1154 651 1368 697 praesertim
1403 662 1485 685 cum
1513 651 1570 685 de-

138 709 212 743 dita
247 719 357 753 opera
393 709 444 742 de
478 710 821 755 orthographia
853 710 1043 756 scripserit.
1096 712 1262 757 Namque
1298 716 1338 745 ut
1369 711 1413 744 de
1440 722 1463 744 0
1489 716 1525 744 et
1551 722 1573 745 u

137 774 245 814 atque
273 770 317 804 de
344 781 380 803 m
405 775 440 804 et
466 781 488 803 n
514 770 680 815 exempla
705 771 824 805 adlata
850 772 1038 817 Papiriano
1066 772 1250 812 debentur,
1278 772 1327 806 ita
1362 771 1470 806 etiam
1496 762 1577 806 aliis*

138 831 235 870 locis,
270 831 330 864 ubi
365 830 460 864 nullo
495 831 565 864 alio
598 836 744 865 auctore
778 833 963 866 nominato
998 844 1144 876 prorsus
1177 832 1328 866 similem
1363 833 1396 865 in
1423 831 1572 866 modum

139 890 305 935 exempla
322 891 368 924 ad
396 890 691 936 orthographiam
710 893 910 937 spectantia
929 893 1145 937 regulaeque
1164 892 1293 926 similes
1312 897 1570 938 proponuntur,

139 951 295 985 eundem
325 951 546 995 exscriptum
581 962 660 985 esse
694 952 800 986 valde
833 953 1022 996 probabile
1054 958 1119 987 est.
1171 953 1257 986 Plini
1287 947 1373 986 vero
1399 963 1574 986 memora-

138 1011 254 1045 tiones
289 1012 336 1045 ab
370 1011 500 1045 eodem
534 1011 722 1055 Papiriano
757 1013 791 1046 in
825 1013 894 1047 hoc
926 1012 1017 1047 libro
1050 1014 1178 1059 petitas
1210 1025 1289 1047 esse
1322 1024 1460 1052 censeo,
1491 1013 1574 1058 quia

139 1072 229 1105 illius
255 1072 382 1106 librum
416 1072 524 1105 etiam
559 1072 645 1105 alias
670 1073 851 1107 Prisciano
876 1085 948 1107 non
983 1084 1069 1117 prae
1096 1074 1260 1107 manibus
1286 1073 1394 1107 fuisse
1420 1073 1574 1106 vidimus

140 1137 176 1165 et
212 1132 345 1175 pariter
375 1137 484 1175 atque
518 1132 553 1165 in
588 1133 714 1166 ceteris
752 1133 849 1167 libris
874 1145 955 1166 cum
981 1133 1098 1178 Capro
1124 1133 1182 1166 hic
1207 1144 1290 1166 cum
1313 1133 1501 1177 Papiriano
1528 1132 1578 1175 (et

139 1192 274 1238 Probo)
299 1203 333 1236 p.
363 1201 419 1235 31,
450 1200 469 1225 2
498 1191 631 1236 Plinius
658 1203 728 1226 una
754 1193 789 1226 in
814 1194 1059 1228 testimonium
1087 1198 1245 1233 vocatur,
1275 1193 1368 1227 unde
1393 1203 1476 1227 eum
1503 1193 1576 1226 iam

139 1264 161 1286 a
185 1252 373 1297 Papiriano
400 1252 585 1286 laudatum
613 1264 691 1286 esse
728 1253 909 1298 conligere
935 1255 970 1288 in
996 1260 1166 1300 promptu
1192 1260 1256 1290 est.
1309 1253 1441 1288 Confer
1467 1254 1575 1288 etiam

140 1326 175 1359 p.
205 1314 260 1354 26,
293 1314 335 1347 16
361 1324 439 1359 sqq.
467 1324 509 1347 ea
534 1324 629 1358 quae
656 1313 700 1347 de
728 1326 749 1348 u
777 1325 842 1360 pro
868 1325 891 1348 o
917 1314 1142 1358 proferuntur
1176 1315 1235 1360 (m
1270 1315 1452 1361 aliquot
1484 1314 1578 1348 Ita-

140 1375 228 1409 liae
260 1375 489 1409 civitates
525 1379 617 1408 teste
649 1375 760 1408 Plinio
795 1387 867 1410 non
897 1376 1119 1421 habebant«)
1154 1382 1236 1409 cu'm
1268 1376 1318 1409 eis
1345 1386 1437 1419 quae
1464 1383 1520 1418 27,
1548 1384 1572 1417 9

141 1436 186 1468 de
213 1446 235 1468 o
262 1446 327 1481 pro
353 1446 374 1468 u
401 1435 460 1478 (»u
475 1445 621 1480 quoque
647 1435 801 1468 multis
825 1436 990 1469 Italiae
1018 1436 1207 1481 populis
1232 1436 1266 1469 in
1291 1447 1356 1469 usu
1372 1446 1445 1469 vnon
1465 1437 1576 1480 erat«)

142 1495 318 1535 dicuntur,
346 1495 406 1540 qui
433 1495 507 1529 duo
531 1495 599 1529 loci
626 1495 818 1530 manifesto
845 1508 890 1530 ex
914 1497 1046 1531 eodem
1079 1496 1177 1530 fonte
1211 1496 1405 1529 fluxerunt:
1435 1495 1577 1529 tametsi

141 1556 254 1590 altero
280 1555 360 1589 loco
386 1555 526 1595 Plinius,
554 1555 665 1589 altero
692 1556 898 1601 Papirianus
925 1557 970 1590 de
996 1555 1253 1600 orthographia
1279 1556 1417 1591 citatur.
1469 1555 1575 1588 Deni-

144 1627 215 1661 que
240 1617 416 1650 sententia
443 1627 523 1650 mea
549 1615 640 1652 conl.
667 1628 701 1661 p.
734 1623 812 1659 594,
842 1625 884 1659 23
913 1616 1129 1650 constabiliri
1159 1617 1306 1650 videtur.
1360 1615 1430 1650 Ubi
1457 1615 1576 1649 Prisci-

143 1688 232 1711 anus
259 1677 304 1711 de
331 1677 604 1721 pronominibus
628 1687 740 1720 agens
775 1688 831 1710 res
865 1677 1030 1721 adaeque
1056 1676 1102 1709 ad
1124 1676 1436 1721 *orthographiam
1473 1676 1577 1719 perti-

145 1742 270 1772 nentes
295 1737 460 1770 inmiscet
486 1741 522 1770 et
546 1736 591 1770 de
618 1736 856 1780 cacemphato
895 1748 995 1770 »cum
1031 1736 1154 1770 nobis‹
1190 1737 1322 1771 evitato
1348 1736 1433 1770 Plini
1467 1736 1579 1770 verba

144 1799 261 1838 refert,
291 1809 385 1842 quae
410 1802 538 1842 utpote
564 1797 727 1831 Ciceroni
756 1809 945 1841 perperam
980 1797 1162 1831 adtributa
1187 1808 1258 1831 non
1284 1797 1330 1830 ab
1356 1797 1435 1840 ipso
1461 1796 1578 1829 Prisci-

145 1870 214 1892 ano
248 1858 427 1902 exscripta
456 1869 533 1891 esse
569 1858 638 1890 iam
665 1857 783 1890 Christ
820 1862 915 1890 recte
950 1857 1082 1890 statuit.
1135 1857 1209 1890 Iam
1246 1859 1340 1896 vero,
1375 1857 1474 1900 quod
1506 1866 1578 1889 non

145 1930 229 1953 casu
257 1917 390 1952 factum
419 1928 496 1951 esse
523 1917 745 1957 crediderim,
774 1917 940 1962 proxime
975 1917 1154 1951 antecedit
1179 1917 1224 1961 (p.
1257 1923 1335 1959 593,
1369 1916 1425 1960 15)
1452 1915 1578 1960 Papiri-

145 1980 202 2013 ani
229 1978 364 2012 mentio
391 1989 509 2011 rursus
534 1978 580 2011 de
603 1978 710 2011 rebus
738 1977 1028 2022 orthographicis
1055 1977 1158 2017 sacta,
1194 1981 1231 2010 ut
1257 1977 1347 2009 inter
1371 1976 1518 2009 Plinium
1545 1980 1581 2009 et

145 2039 376 2084 Papirianum
401 2048 488 2071 sane
514 2037 740 2072 necessitudo
766 2037 943 2082 quaedam
969 2037 1113 2071 interior
1130 2036 1272 2083 qualem
1299 2047 1365 2071 nos
1383 2036 1579 2071 conicimus

146 2099 389 2133 intercessisse
416 2098 589 2134 videatur.
988 2098 995 2108 ⁸

264 2159 471 2202 Papirianus
497 2158 606 2191 etiam
633 2169 654 2191 a
681 2157 911 2191 Cassiodorio
939 2157 997 2203 (K.
1023 2158 1089 2191 V11
1114 2170 1146 2203 p.
1182 2159 1247 2200 158
1271 2157 1365 2200 sqq.)
1387 2156 1581 2190 defloratus

147 2225 211 2260 est,
240 2219 285 2253 de
311 2219 411 2252 cuius
430 2217 608 2262 excerptis
627 2217 795 2251 nonnulla
814 2218 931 2252 dicere
950 2229 1041 2261 opus
1059 2222 1123 2253 est.
1176 2216 1378 2251 Cassiodori
1401 2216 1581 2261 epitomae

147 2279 269 2323 magni
296 2278 400 2312 nobis
426 2278 528 2322 pretii
564 2283 655 2316 sunt,
683 2276 766 2320 quia
802 2276 930 2310 multas
967 2277 1134 2321 antiquae
1168 2276 1352 2311 doctrinae
1389 2276 1581 2321 praecipue
1644 2322 1646 2324 Ι
1702 2310 1705 2311 ⁷

146 2339 320 2374 Varronis
346 2338 510 2382 reliquias
537 2338 730 2371 continent.
784 2337 919 2371 Verum
945 2337 1164 2381 excerptoris
1184 2348 1248 2371 nec
1266 2336 1487 2381 diligentiam
1515 2347 1581 2371 nec

147 2409 263 2433 rerum
291 2398 604 2443 grammaticarum
631 2398 795 2432 notitiam
821 2397 906 2430 satis
925 2407 1093 2440 magnam
1113 2397 1220 2431 fuisse
1246 2396 1398 2430 dilucide
1418 2396 1580 2440 adparet.

147 2460 314 2497 Inscitiae
341 2459 433 2494 enim
461 2459 535 2493 eius
562 2470 589 2492 e.
619 2469 653 2504 g.
682 2458 913 2494 tribuendum
940 2462 994 2491 est
1020 2458 1117 2502 quod
1151 2457 1362 2492 Caesellium
1395 2463 1430 2492 et
1461 2457 1581 2491 Caeci-
