<?xml version="1.0" encoding="UTF-8"?>
<!DOCTYPE html PUBLIC "-//W3C//DTD XHTML 1.0 Transitional//EN"
    "http://www.w3.org/TR/xhtml1/DTD/xhtml1-transitional.dtd">
<html xmlns="http://www.w3.org/1999/xhtml" xml:lang="en" lang="en">
 <head>
  <title>
</title>
<meta http-equiv="Content-Type" content="text/html;charset=utf-8" />
  <meta name='ocr-system' content='tesseract 3.04.00' />
  <meta name='ocr-capabilities' content='ocr_page ocr_carea ocr_par ocr_line ocrx_word'/>
</head>
<body>
  <div class='ocr_page' id='page_1' title='image "4737396_0046.png"; bbox 0 0 1751 2750; ppageno 0'>
   <div class='ocr_carea' id='block_1_1' title="bbox 1405 0 1751 124">
    <p class='ocr_par' dir='ltr' id='par_1_1' title="bbox 1405 0 1751 124">
     <span class='ocr_line' id='line_1_1' title="bbox 1405 0 1751 124; baseline 0 2626"><span class='ocrx_word' id='word_1_1' title='bbox 1405 0 1751 124; x_wconf 95' lang='lat' dir='ltr'> </span> 
     </span>
    </p>
   </div>
   <div class='ocr_carea' id='block_1_2' title="bbox 849 122 894 191">
    <p class='ocr_par' dir='ltr' id='par_1_2' title="bbox 849 122 894 191">
     <span class='ocr_line' id='line_1_2' title="bbox 849 122 894 191; baseline 0 -9"><span class='ocrx_word' id='word_1_2' title='bbox 849 122 894 191; x_wconf 60' lang='lat'>35</span> 
     </span>
    </p>
   </div>
   <div class='ocr_carea' id='block_1_3' title="bbox 758 199 991 203">
    <p class='ocr_par' dir='ltr' id='par_1_3' title="bbox 758 199 991 203">
     <span class='ocr_line' id='line_1_3' title="bbox 758 199 991 203; baseline 0 0"><span class='ocrx_word' id='word_1_3' title='bbox 758 199 991 203; x_wconf 95' lang='lat' dir='ltr'> </span> 
     </span>
    </p>
   </div>
   <div class='ocr_carea' id='block_1_4' title="bbox 158 264 1621 1398">
    <p class='ocr_par' dir='ltr' id='par_1_4' title="bbox 158 264 1621 434">
     <span class='ocr_line' id='line_1_4' title="bbox 163 264 1589 313; baseline -0.001 -12"><span class='ocrx_word' id='word_1_4' title='bbox 163 264 435 313; x_wconf 81' lang='grc' dir='ltr'><strong><em>»ὁιπροσώπους</em></strong></span> <span class='ocrx_word' id='word_1_5' title='bbox 473 266 541 308; x_wconf 85' lang='grc' dir='ltr'>τὰς</span> <span class='ocrx_word' id='word_1_6' title='bbox 578 265 752 313; x_wconf 71' lang='grc' dir='ltr'><strong><em>κτητικάς</em></strong></span> <span class='ocrx_word' id='word_1_7' title='bbox 786 264 805 302; x_wconf 86' lang='grc' dir='ltr'>ὁ</span> <span class='ocrx_word' id='word_1_8' title='bbox 831 266 986 313; x_wconf 78' lang='grc' dir='ltr'><em>Δράκων</em></span> <span class='ocrx_word' id='word_1_9' title='bbox 1022 264 1178 308; x_wconf 72' lang='grc' dir='ltr'>ἐκάλειι,</span> <span class='ocrx_word' id='word_1_10' title='bbox 1217 265 1386 312; x_wconf 84' lang='lat' dir='ltr'>idemque</span> <span class='ocrx_word' id='word_1_11' title='bbox 1423 265 1471 300; x_wconf 86' lang='lat' dir='ltr'>de</span> <span class='ocrx_word' id='word_1_12' title='bbox 1508 276 1589 300; x_wconf 87' lang='lat' dir='ltr'>eon-</span> 
     </span>
     <span class='ocr_line' id='line_1_5' title="bbox 158 318 1593 374; baseline 0 -13"><span class='ocrx_word' id='word_1_13' title='bbox 158 328 352 362; x_wconf 83' lang='lat' dir='ltr'>structione</span> <span class='ocrx_word' id='word_1_14' title='bbox 388 336 419 369; x_wconf 88' lang='lat'>3,</span> <span class='ocrx_word' id='word_1_15' title='bbox 447 337 492 372; x_wconf 87' lang='lat'>27</span> <span class='ocrx_word' id='word_1_16' title='bbox 521 341 554 374; x_wconf 87' lang='lat' dir='ltr'>p.</span> <span class='ocrx_word' id='word_1_17' title='bbox 585 327 666 370; x_wconf 85' lang='lat'>258,</span> <span class='ocrx_word' id='word_1_18' title='bbox 695 328 742 361; x_wconf 88' lang='lat'>26</span> <span class='ocrx_word' id='word_1_19' title='bbox 776 327 846 371; x_wconf 90' lang='lat' dir='ltr'>(ed.</span> <span class='ocrx_word' id='word_1_20' title='bbox 874 326 1047 370; x_wconf 80' lang='lat' dir='ltr'>Bekk‘er):</span> <span class='ocrx_word' id='word_1_21' title='bbox 1080 323 1123 371; x_wconf 77' lang='grc' dir='ltr'>»ἥ</span> <span class='ocrx_word' id='word_1_22' title='bbox 1158 338 1196 371; x_wconf 82' lang='grc' dir='ltr'>γε</span> <span class='ocrx_word' id='word_1_23' title='bbox 1228 318 1417 371; x_wconf 58' lang='grc' dir='ltr'>μῆν’ἐμὸς</span> <span class='ocrx_word' id='word_1_24' title='bbox 1448 325 1593 367; x_wconf 61' lang='lat' dir='ltr'>nal-dig</span> 
     </span>
     <span class='ocr_line' id='line_1_6' title="bbox 158 384 1621 434; baseline -0.001 -12"><span class='ocrx_word' id='word_1_25' title='bbox 158 384 285 429; x_wconf 72' lang='grc' dir='ltr'><em>ἑνικῶς</em></span> <span class='ocrx_word' id='word_1_26' title='bbox 310 395 444 424; x_wconf 81' lang='grc' dir='ltr'><em>νοεῖται</em></span> <span class='ocrx_word' id='word_1_27' title='bbox 469 389 529 424; x_wconf 87' lang='grc' dir='ltr'>καὶ</span> <span class='ocrx_word' id='word_1_28' title='bbox 554 388 618 424; x_wconf 67' lang='grc' dir='ltr'>δύο</span> <span class='ocrx_word' id='word_1_29' title='bbox 643 386 823 434; x_wconf 82' lang='grc' dir='ltr'><em>πρόσωπα</em></span> <span class='ocrx_word' id='word_1_30' title='bbox 848 387 1119 433; x_wconf 79' lang='grc' dir='ltr'><strong><em>παρεμφαίνειι.</em></strong></span> <span class='ocrx_word' id='word_1_31' title='bbox 1617 394 1621 398; x_wconf 89' lang='grc'><em>’</em></span> 
     </span>
    </p>

    <p class='ocr_par' dir='ltr' id='par_1_5' title="bbox 158 448 1591 1398">
     <span class='ocr_line' id='line_1_7' title="bbox 276 448 1591 492; baseline -0.001 -9"><span class='ocrx_word' id='word_1_32' title='bbox 276 449 434 483; x_wconf 88' lang='lat' dir='ltr'>Omnino</span> <span class='ocrx_word' id='word_1_33' title='bbox 472 460 558 483; x_wconf 83' lang='lat' dir='ltr'>vero</span> <span class='ocrx_word' id='word_1_34' title='bbox 597 449 740 489; x_wconf 85' lang='lat' dir='ltr'>Plinius,</span> <span class='ocrx_word' id='word_1_35' title='bbox 782 454 820 483; x_wconf 90' lang='lat' dir='ltr'>ut</span> <span class='ocrx_word' id='word_1_36' title='bbox 860 448 931 482; x_wconf 88' lang='lat' dir='ltr'>hoc</span> <span class='ocrx_word' id='word_1_37' title='bbox 970 448 1111 487; x_wconf 88' lang='lat' dir='ltr'>addam,</span> <span class='ocrx_word' id='word_1_38' title='bbox 1152 448 1186 481; x_wconf 90' lang='lat' dir='ltr'>in</span> <span class='ocrx_word' id='word_1_39' title='bbox 1225 448 1385 492; x_wconf 84' lang='lat' dir='ltr'>partibus</span> <span class='ocrx_word' id='word_1_40' title='bbox 1421 448 1591 482; x_wconf 90' lang='lat' dir='ltr'>orationis</span> 
     </span>
     <span class='ocr_line' id='line_1_8' title="bbox 159 507 1589 552; baseline 0 -10"><span class='ocrx_word' id='word_1_41' title='bbox 159 509 403 543; x_wconf 89' lang='lat' dir='ltr'>describendis</span> <span class='ocrx_word' id='word_1_42' title='bbox 442 514 478 542; x_wconf 89' lang='lat' dir='ltr'>et</span> <span class='ocrx_word' id='word_1_43' title='bbox 517 509 726 543; x_wconf 88' lang='lat' dir='ltr'>definiendis</span> <span class='ocrx_word' id='word_1_44' title='bbox 763 510 858 543; x_wconf 91' lang='lat' dir='ltr'>haud</span> <span class='ocrx_word' id='word_1_45' title='bbox 898 520 979 542; x_wconf 88' lang='lat' dir='ltr'>raro</span> <span class='ocrx_word' id='word_1_46' title='bbox 1018 507 1236 542; x_wconf 86' lang='lat' dir='ltr'>Graecorum</span> <span class='ocrx_word' id='word_1_47' title='bbox 1273 509 1589 552; x_wconf 85' lang='lat' dir='ltr'>grammaticorum</span> 
     </span>
     <span class='ocr_line' id='line_1_9' title="bbox 159 568 1590 615; baseline 0 -13"><span class='ocrx_word' id='word_1_48' title='bbox 159 569 312 613; x_wconf 87' lang='lat' dir='ltr'>vestigia</span> <span class='ocrx_word' id='word_1_49' title='bbox 338 569 511 615; x_wconf 85' lang='lat' dir='ltr'>pressisse</span> <span class='ocrx_word' id='word_1_50' title='bbox 537 570 686 609; x_wconf 89' lang='lat' dir='ltr'>videtur,</span> <span class='ocrx_word' id='word_1_51' title='bbox 715 570 813 603; x_wconf 93' lang='lat' dir='ltr'>velut</span> <span class='ocrx_word' id='word_1_52' title='bbox 839 581 883 603; x_wconf 91' lang='lat' dir='ltr'>ne</span> <span class='ocrx_word' id='word_1_53' title='bbox 909 569 1094 603; x_wconf 90' lang='lat' dir='ltr'>articulum</span> <span class='ocrx_word' id='word_1_54' title='bbox 1121 569 1266 612; x_wconf 90' lang='lat' dir='ltr'>quidem</span> <span class='ocrx_word' id='word_1_55' title='bbox 1284 579 1306 601; x_wconf 88' lang='lat' dir='ltr'>a</span> <span class='ocrx_word' id='word_1_56' title='bbox 1324 568 1447 612; x_wconf 80' lang='lat' dir='ltr'>lingua</span> <span class='ocrx_word' id='word_1_57' title='bbox 1464 568 1590 602; x_wconf 87' lang='lat' dir='ltr'>Latina</span> 
     </span>
     <span class='ocr_line' id='line_1_10' title="bbox 158 628 1589 672; baseline -0.001 -9"><span class='ocrx_word' id='word_1_58' title='bbox 158 629 287 663; x_wconf 86' lang='lat' dir='ltr'>abesse</span> <span class='ocrx_word' id='word_1_59' title='bbox 313 629 433 662; x_wconf 89' lang='lat' dir='ltr'>voluit.</span> <span class='ocrx_word' id='word_1_60' title='bbox 488 629 580 663; x_wconf 87' lang='lat' dir='ltr'>Nam</span> <span class='ocrx_word' id='word_1_61' title='bbox 612 630 810 664; x_wconf 91' lang='lat' dir='ltr'>secundum</span> <span class='ocrx_word' id='word_1_62' title='bbox 837 630 997 663; x_wconf 88' lang='lat' dir='ltr'>instituta</span> <span class='ocrx_word' id='word_1_63' title='bbox 1025 629 1152 662; x_wconf 85' lang='lat' dir='ltr'>artium</span> <span class='ocrx_word' id='word_1_64' title='bbox 1178 628 1222 662; x_wconf 90' lang='lat' dir='ltr'>K.</span> <span class='ocrx_word' id='word_1_65' title='bbox 1251 628 1301 662; x_wconf 94' lang='lat' dir='ltr'>IV</span> <span class='ocrx_word' id='word_1_66' title='bbox 1333 638 1410 672; x_wconf 87' lang='lat'>133,</span> <span class='ocrx_word' id='word_1_67' title='bbox 1440 630 1460 663; x_wconf 92' lang='lat'>8</span> <span class='ocrx_word' id='word_1_68' title='bbox 1487 639 1589 662; x_wconf 88' lang='lat' dir='ltr'>voca-</span> 
     </span>
     <span class='ocr_line' id='line_1_11' title="bbox 160 679 1591 736; baseline 0 -13"><span class='ocrx_word' id='word_1_69' title='bbox 160 689 284 723; x_wconf 89' lang='lat' dir='ltr'>bulum</span> <span class='ocrx_word' id='word_1_70' title='bbox 323 689 418 723; x_wconf 81' lang='lat' dir='ltr'>»hie</span> <span class='ocrx_word' id='word_1_71' title='bbox 453 679 538 723; x_wconf 82' lang='lat' dir='ltr'>tunc</span> <span class='ocrx_word' id='word_1_72' title='bbox 570 690 681 724; x_wconf 90' lang='lat' dir='ltr'>voluit</span> <span class='ocrx_word' id='word_1_73' title='bbox 718 691 786 724; x_wconf 92' lang='lat' dir='ltr'>dici</span> <span class='ocrx_word' id='word_1_74' title='bbox 826 701 1047 736; x_wconf 87' lang='lat' dir='ltr'>pronomen,</span> <span class='ocrx_word' id='word_1_75' title='bbox 1087 690 1232 734; x_wconf 87' lang='lat' dir='ltr'>quando</span> <span class='ocrx_word' id='word_1_76' title='bbox 1270 689 1384 723; x_wconf 88' lang='lat' dir='ltr'>solum</span> <span class='ocrx_word' id='word_1_77' title='bbox 1420 690 1591 734; x_wconf 88' lang='lat' dir='ltr'>reperitur</span> 
     </span>
     <span class='ocr_line' id='line_1_12' title="bbox 158 749 1588 795; baseline 0 -12"><span class='ocrx_word' id='word_1_78' title='bbox 158 750 372 785; x_wconf 85' lang='lat' dir='ltr'>declinari..</span> <span class='ocrx_word' id='word_1_79' title='bbox 389 777 396 785; x_wconf 90' lang='lat'>.</span> <span class='ocrx_word' id='word_1_80' title='bbox 412 776 419 783; x_wconf 90' lang='lat'>.</span> <span class='ocrx_word' id='word_1_81' title='bbox 446 755 484 783; x_wconf 88' lang='lat' dir='ltr'>at</span> <span class='ocrx_word' id='word_1_82' title='bbox 508 761 593 783; x_wconf 93' lang='lat' dir='ltr'>vero</span> <span class='ocrx_word' id='word_1_83' title='bbox 617 751 648 784; x_wconf 93' lang='lat' dir='ltr'>si</span> <span class='ocrx_word' id='word_1_84' title='bbox 674 761 757 783; x_wconf 88' lang='lat' dir='ltr'>curn</span> <span class='ocrx_word' id='word_1_85' title='bbox 783 751 851 784; x_wconf 91' lang='lat' dir='ltr'>alia</span> <span class='ocrx_word' id='word_1_86' title='bbox 877 755 979 795; x_wconf 86' lang='lat' dir='ltr'>parte</span> <span class='ocrx_word' id='word_1_87' title='bbox 1012 750 1181 783; x_wconf 89' lang='lat' dir='ltr'>orationis</span> <span class='ocrx_word' id='word_1_88' title='bbox 1199 749 1396 783; x_wconf 90' lang='lat' dir='ltr'>inveniatur</span> <span class='ocrx_word' id='word_1_89' title='bbox 1412 749 1588 789; x_wconf 79' lang='lat' dir='ltr'>declinari,</span> 
     </span>
     <span class='ocr_line' id='line_1_13' title="bbox 161 809 1590 856; baseline 0 -13"><span class='ocrx_word' id='word_1_90' title='bbox 161 809 348 844; x_wconf 90' lang='lat' dir='ltr'>articulum</span> <span class='ocrx_word' id='word_1_91' title='bbox 375 810 556 856; x_wconf 88' lang='lat' dir='ltr'>appellari,</span> <span class='ocrx_word' id='word_1_92' title='bbox 586 816 623 844; x_wconf 83' lang='lat' dir='ltr'>ut</span> <span class='ocrx_word' id='word_1_93' title='bbox 649 815 736 856; x_wconf 89' lang='lat' dir='ltr'>puta</span> <span class='ocrx_word' id='word_1_94' title='bbox 757 810 815 844; x_wconf 89' lang='lat' dir='ltr'>hic</span> <span class='ocrx_word' id='word_1_95' title='bbox 841 810 931 844; x_wconf 88' lang='lat' dir='ltr'>Cato</span> <span class='ocrx_word' id='word_1_96' title='bbox 952 839 959 846; x_wconf 84' lang='lat'>.</span> <span class='ocrx_word' id='word_1_97' title='bbox 977 824 1022 846; x_wconf 79' lang='grc'>.«.</span> <span class='ocrx_word' id='word_1_98' title='bbox 1072 809 1190 853; x_wconf 82' lang='lat' dir='ltr'>Quam</span> <span class='ocrx_word' id='word_1_99' title='bbox 1217 809 1482 847; x_wconf 69' lang='lat' dir='ltr'>distinctionem</span> <span class='ocrx_word' id='word_1_100' title='bbox 1508 809 1590 844; x_wconf 86' lang='lat' dir='ltr'>alibi</span> 
     </span>
     <span class='ocr_line' id='line_1_14' title="bbox 160 870 1587 914; baseline 0.001 -11"><span class='ocrx_word' id='word_1_101' title='bbox 160 881 305 914; x_wconf 90' lang='lat' dir='ltr'>quoque</span> <span class='ocrx_word' id='word_1_102' title='bbox 347 876 653 904; x_wconf 88' lang='lat' dir='ltr'>conmemoratam</span> <span class='ocrx_word' id='word_1_103' title='bbox 693 871 900 910; x_wconf 89' lang='lat' dir='ltr'>invenimus,</span> <span class='ocrx_word' id='word_1_104' title='bbox 939 871 1035 903; x_wconf 87' lang='lat' dir='ltr'>velut</span> <span class='ocrx_word' id='word_1_105' title='bbox 1073 870 1176 903; x_wconf 80' lang='lat' dir='ltr'>Prisc.</span> <span class='ocrx_word' id='word_1_106' title='bbox 1205 870 1219 903; x_wconf 91' lang='grc' dir='ltr'>Ι</span> <span class='ocrx_word' id='word_1_107' title='bbox 1249 871 1328 913; x_wconf 85' lang='grc'>581,</span> <span class='ocrx_word' id='word_1_108' title='bbox 1365 871 1420 906; x_wconf 88' lang='grc'>26.</span> <span class='ocrx_word' id='word_1_109' title='bbox 1458 870 1587 905; x_wconf 88' lang='lat' dir='ltr'>Donat.</span> 
     </span>
     <span class='ocr_line' id='line_1_15' title="bbox 162 929 1587 975; baseline -0.001 -11"><span class='ocrx_word' id='word_1_110' title='bbox 162 931 242 973; x_wconf 90' lang='lat'>381,</span> <span class='ocrx_word' id='word_1_111' title='bbox 270 939 302 972; x_wconf 93' lang='lat'>4.</span> <span class='ocrx_word' id='word_1_112' title='bbox 334 937 414 974; x_wconf 83' lang='lat'>357,</span> <span class='ocrx_word' id='word_1_113' title='bbox 445 938 499 973; x_wconf 73' lang='lat'>33.</span> <span class='ocrx_word' id='word_1_114' title='bbox 528 938 607 974; x_wconf 91' lang='lat'>372,</span> <span class='ocrx_word' id='word_1_115' title='bbox 638 937 692 974; x_wconf 87' lang='lat'>27.</span> <span class='ocrx_word' id='word_1_116' title='bbox 722 930 820 965; x_wconf 78' lang='lat' dir='ltr'>SerV.</span> <span class='ocrx_word' id='word_1_117' title='bbox 856 931 890 964; x_wconf 90' lang='lat' dir='ltr'>in</span> <span class='ocrx_word' id='word_1_118' title='bbox 927 931 1059 964; x_wconf 91' lang='lat' dir='ltr'>Donat.</span> <span class='ocrx_word' id='word_1_119' title='bbox 1085 932 1168 972; x_wconf 90' lang='lat'>428,</span> <span class='ocrx_word' id='word_1_120' title='bbox 1201 938 1252 974; x_wconf 84' lang='lat'>¹5·</span> <span class='ocrx_word' id='word_1_121' title='bbox 1280 930 1363 973; x_wconf 90' lang='lat'>436,</span> <span class='ocrx_word' id='word_1_122' title='bbox 1393 938 1449 972; x_wconf 87' lang='lat'>23.</span> <span class='ocrx_word' id='word_1_123' title='bbox 1486 929 1587 975; x_wconf 84' lang='lat' dir='ltr'>Serg.</span> 
     </span>
     <span class='ocr_line' id='line_1_16' title="bbox 164 990 1583 1036; baseline 0.001 -11"><span class='ocrx_word' id='word_1_124' title='bbox 164 993 242 1034; x_wconf 88' lang='lat'>548,</span> <span class='ocrx_word' id='word_1_125' title='bbox 270 1001 304 1034; x_wconf 91' lang='lat'>9.</span> <span class='ocrx_word' id='word_1_126' title='bbox 333 990 480 1025; x_wconf 84' lang='lat' dir='ltr'>Cledon.</span> <span class='ocrx_word' id='word_1_127' title='bbox 509 991 553 1025; x_wconf 89' lang='lat' dir='ltr'>K.</span> <span class='ocrx_word' id='word_1_128' title='bbox 582 991 624 1026; x_wconf 94' lang='lat' dir='ltr'>V.</span> <span class='ocrx_word' id='word_1_129' title='bbox 657 999 708 1034; x_wconf 83' lang='lat'>15,</span> <span class='ocrx_word' id='word_1_130' title='bbox 739 1000 769 1034; x_wconf 91' lang='lat'>3.</span> <span class='ocrx_word' id='word_1_131' title='bbox 800 1000 853 1034; x_wconf 82' lang='lat'>50,</span> <span class='ocrx_word' id='word_1_132' title='bbox 889 1001 940 1035; x_wconf 87' lang='lat'>¹9·</span> <span class='ocrx_word' id='word_1_133' title='bbox 973 999 1025 1035; x_wconf 85' lang='lat'>53,</span> <span class='ocrx_word' id='word_1_134' title='bbox 1061 1000 1112 1027; x_wconf 82' lang='lat'>12.</span> <span class='ocrx_word' id='word_1_135' title='bbox 1140 991 1264 1036; x_wconf 89' lang='lat' dir='ltr'>Pomp.</span> <span class='ocrx_word' id='word_1_136' title='bbox 1293 1001 1373 1031; x_wconf 86' lang='lat'>211.</span> <span class='ocrx_word' id='word_1_137' title='bbox 1406 1001 1434 1025; x_wconf 88' lang='lat'>1.</span> <span class='ocrx_word' id='word_1_138' title='bbox 1461 991 1583 1027; x_wconf 88' lang='lat' dir='ltr'>anecd.</span> 
     </span>
     <span class='ocr_line' id='line_1_17' title="bbox 161 1051 1589 1096; baseline 0 -10"><span class='ocrx_word' id='word_1_139' title='bbox 161 1052 262 1086; x_wconf 92' lang='lat' dir='ltr'>Helv.</span> <span class='ocrx_word' id='word_1_140' title='bbox 295 1061 375 1096; x_wconf 85' lang='lat'>203,</span> <span class='ocrx_word' id='word_1_141' title='bbox 404 1061 459 1086; x_wconf 88' lang='lat'>21.</span> <span class='ocrx_word' id='word_1_142' title='bbox 491 1061 572 1095; x_wconf 88' lang='lat'>249,</span> <span class='ocrx_word' id='word_1_143' title='bbox 602 1061 657 1094; x_wconf 87' lang='lat'>30.</span> <span class='ocrx_word' id='word_1_144' title='bbox 686 1052 808 1086; x_wconf 87' lang='lat' dir='ltr'>Isidor.</span> <span class='ocrx_word' id='word_1_145' title='bbox 836 1053 925 1096; x_wconf 89' lang='lat' dir='ltr'>orig.</span> <span class='ocrx_word' id='word_1_146' title='bbox 954 1053 1019 1096; x_wconf 85' lang='lat'>17,</span> <span class='ocrx_word' id='word_1_147' title='bbox 1044 1060 1072 1095; x_wconf 88' lang='grc'>5.</span> <span class='ocrx_word' id='word_1_148' title='bbox 1124 1051 1196 1085; x_wconf 87' lang='lat' dir='ltr'>Sed</span> <span class='ocrx_word' id='word_1_149' title='bbox 1215 1053 1309 1086; x_wconf 90' lang='lat' dir='ltr'>enim</span> <span class='ocrx_word' id='word_1_150' title='bbox 1329 1052 1475 1086; x_wconf 85' lang='lat' dir='ltr'>Plinium</span> <span class='ocrx_word' id='word_1_151' title='bbox 1494 1058 1589 1086; x_wconf 85' lang='lat' dir='ltr'>certe</span> 
     </span>
     <span class='ocr_line' id='line_1_18' title="bbox 161 1112 1589 1158; baseline 0 -12"><span class='ocrx_word' id='word_1_152' title='bbox 161 1113 314 1158; x_wconf 89' lang='lat' dir='ltr'>primum</span> <span class='ocrx_word' id='word_1_153' title='bbox 342 1113 430 1146; x_wconf 88' lang='lat' dir='ltr'>duas</span> <span class='ocrx_word' id='word_1_154' title='bbox 456 1113 597 1156; x_wconf 87' lang='lat' dir='ltr'>regulas</span> <span class='ocrx_word' id='word_1_155' title='bbox 616 1118 818 1157; x_wconf 89' lang='lat' dir='ltr'>postremas</span> <span class='ocrx_word' id='word_1_156' title='bbox 844 1113 889 1146; x_wconf 90' lang='lat' dir='ltr'>ad</span> <span class='ocrx_word' id='word_1_157' title='bbox 917 1113 1189 1156; x_wconf 83' lang='lat' dir='ltr'>grammaticam</span> <span class='ocrx_word' id='word_1_158' title='bbox 1209 1112 1371 1146; x_wconf 84' lang='lat' dir='ltr'>Latinam</span> <span class='ocrx_word' id='word_1_159' title='bbox 1389 1112 1589 1146; x_wconf 83' lang='lat' dir='ltr'>traduxisse</span> 
     </span>
     <span class='ocr_line' id='line_1_19' title="bbox 161 1172 1590 1217; baseline 0.001 -11"><span class='ocrx_word' id='word_1_160' title='bbox 161 1178 197 1207; x_wconf 90' lang='lat' dir='ltr'>et</span> <span class='ocrx_word' id='word_1_161' title='bbox 221 1173 296 1206; x_wconf 91' lang='lat' dir='ltr'>veri</span> <span class='ocrx_word' id='word_1_162' title='bbox 322 1172 435 1206; x_wconf 89' lang='lat' dir='ltr'>simile</span> <span class='ocrx_word' id='word_1_163' title='bbox 463 1178 516 1207; x_wconf 92' lang='lat' dir='ltr'>est</span> <span class='ocrx_word' id='word_1_164' title='bbox 541 1179 576 1207; x_wconf 89' lang='lat' dir='ltr'>et</span> <span class='ocrx_word' id='word_1_165' title='bbox 601 1173 738 1207; x_wconf 89' lang='lat' dir='ltr'>Probus</span> <span class='ocrx_word' id='word_1_166' title='bbox 765 1173 825 1217; x_wconf 90' lang='lat' dir='ltr'>qui</span> <span class='ocrx_word' id='word_1_167' title='bbox 851 1172 958 1207; x_wconf 86' lang='lat' dir='ltr'>fertur</span> <span class='ocrx_word' id='word_1_168' title='bbox 986 1184 1181 1216; x_wconf 82' lang='lat' dir='ltr'>coarguere</span> <span class='ocrx_word' id='word_1_169' title='bbox 1208 1173 1358 1213; x_wconf 87' lang='lat' dir='ltr'>videtur,</span> <span class='ocrx_word' id='word_1_170' title='bbox 1387 1183 1468 1207; x_wconf 89' lang='lat' dir='ltr'>cum</span> <span class='ocrx_word' id='word_1_171' title='bbox 1495 1173 1590 1207; x_wconf 86' lang='lat' dir='ltr'>dicat</span> 
     </span>
     <span class='ocr_line' id='line_1_20' title="bbox 160 1233 1590 1278; baseline 0 -12"><span class='ocrx_word' id='word_1_172' title='bbox 160 1245 194 1278; x_wconf 89' lang='lat' dir='ltr'>p.</span> <span class='ocrx_word' id='word_1_173' title='bbox 229 1241 307 1277; x_wconf 89' lang='lat'>137,</span> <span class='ocrx_word' id='word_1_174' title='bbox 339 1242 378 1275; x_wconf 90' lang='lat'>13</span> <span class='ocrx_word' id='word_1_175' title='bbox 419 1234 502 1267; x_wconf 79' lang='lat' dir='ltr'>»sed</span> <span class='ocrx_word' id='word_1_176' title='bbox 538 1233 607 1267; x_wconf 93' lang='lat' dir='ltr'>hoc</span> <span class='ocrx_word' id='word_1_177' title='bbox 645 1245 863 1278; x_wconf 85' lang='lat' dir='ltr'>supervacue</span> <span class='ocrx_word' id='word_1_178' title='bbox 898 1234 1033 1267; x_wconf 85' lang='lat' dir='ltr'>cunctis</span> <span class='ocrx_word' id='word_1_179' title='bbox 1067 1234 1151 1267; x_wconf 88' lang='lat' dir='ltr'>artis</span> <span class='ocrx_word' id='word_1_180' title='bbox 1185 1234 1358 1267; x_wconf 88' lang='lat' dir='ltr'>latoribus</span> <span class='ocrx_word' id='word_1_181' title='bbox 1389 1234 1503 1267; x_wconf 86' lang='lat' dir='ltr'>visum</span> <span class='ocrx_word' id='word_1_182' title='bbox 1536 1239 1590 1267; x_wconf 88' lang='lat' dir='ltr'>est</span> 
     </span>
     <span class='ocr_line' id='line_1_21' title="bbox 161 1293 1590 1339; baseline 0.001 -13"><span class='ocrx_word' id='word_1_183' title='bbox 161 1293 355 1339; x_wconf 80' lang='lat' dir='ltr'>disputari«</span> <span class='ocrx_word' id='word_1_184' title='bbox 392 1299 427 1327; x_wconf 89' lang='lat' dir='ltr'>et</span> <span class='ocrx_word' id='word_1_185' title='bbox 453 1305 488 1339; x_wconf 91' lang='lat' dir='ltr'>p.</span> <span class='ocrx_word' id='word_1_186' title='bbox 520 1302 596 1337; x_wconf 85' lang='lat'>133,</span> <span class='ocrx_word' id='word_1_187' title='bbox 631 1303 667 1328; x_wconf 91' lang='lat'>11</span> <span class='ocrx_word' id='word_1_188' title='bbox 701 1294 784 1328; x_wconf 85' lang='lat' dir='ltr'>»sed</span> <span class='ocrx_word' id='word_1_189' title='bbox 822 1293 910 1328; x_wconf 90' lang='lat' dir='ltr'>haec</span> <span class='ocrx_word' id='word_1_190' title='bbox 945 1294 1110 1328; x_wconf 87' lang='lat' dir='ltr'>discretio</span> <span class='ocrx_word' id='word_1_191' title='bbox 1145 1305 1166 1328; x_wconf 91' lang='lat' dir='ltr'>a</span> <span class='ocrx_word' id='word_1_192' title='bbox 1199 1294 1312 1328; x_wconf 87' lang='lat' dir='ltr'>Plinio</span> <span class='ocrx_word' id='word_1_193' title='bbox 1337 1293 1416 1329; x_wconf 89' lang='lat' dir='ltr'>Sec.</span> <span class='ocrx_word' id='word_1_194' title='bbox 1454 1294 1590 1328; x_wconf 90' lang='lat' dir='ltr'>cunctis</span> 
     </span>
     <span class='ocr_line' id='line_1_22' title="bbox 161 1354 1094 1398; baseline 0.001 -10"><span class='ocrx_word' id='word_1_195' title='bbox 161 1354 246 1388; x_wconf 90' lang='lat' dir='ltr'>artis</span> <span class='ocrx_word' id='word_1_196' title='bbox 271 1354 444 1388; x_wconf 89' lang='lat' dir='ltr'>latoribus</span> <span class='ocrx_word' id='word_1_197' title='bbox 470 1366 689 1398; x_wconf 88' lang='lat' dir='ltr'>supervacue</span> <span class='ocrx_word' id='word_1_198' title='bbox 714 1355 789 1388; x_wconf 86' lang='lat' dir='ltr'>visa</span> <span class='ocrx_word' id='word_1_199' title='bbox 816 1361 869 1389; x_wconf 90' lang='lat' dir='ltr'>est</span> <span class='ocrx_word' id='word_1_200' title='bbox 894 1355 1094 1389; x_wconf 79' lang='lat' dir='ltr'>constitui«.</span> 
     </span>
    </p>
   </div>
   <div class='ocr_carea' id='block_1_5' title="bbox 505 1654 1255 1712">
    <p class='ocr_par' dir='ltr' id='par_1_6' title="bbox 505 1654 1255 1712">
     <span class='ocr_line' id='line_1_23' title="bbox 505 1654 1255 1712; baseline 0.001 -1"><span class='ocrx_word' id='word_1_201' title='bbox 505 1655 639 1711; x_wconf 81' lang='lat' dir='ltr'>Pars</span> <span class='ocrx_word' id='word_1_202' title='bbox 682 1656 742 1711; x_wconf 93' lang='lat' dir='ltr'>II.</span> <span class='ocrx_word' id='word_1_203' title='bbox 825 1655 918 1711; x_wconf 89' lang='lat' dir='ltr'>De</span> <span class='ocrx_word' id='word_1_204' title='bbox 960 1654 1255 1712; x_wconf 86' lang='lat' dir='ltr'>PriscianO.</span> 
     </span>
    </p>
   </div>
   <div class='ocr_carea' id='block_1_6' title="bbox 162 1772 1591 2241">
    <p class='ocr_par' dir='ltr' id='par_1_7' title="bbox 162 1772 1591 2241">
     <span class='ocr_line' id='line_1_24' title="bbox 282 1772 1590 1818; baseline 0 -12"><span class='ocrx_word' id='word_1_205' title='bbox 282 1772 389 1817; x_wconf 85' lang='lat' dir='ltr'>Quod</span> <span class='ocrx_word' id='word_1_206' title='bbox 416 1773 533 1807; x_wconf 89' lang='lat' dir='ltr'>adhuc</span> <span class='ocrx_word' id='word_1_207' title='bbox 569 1785 686 1813; x_wconf 81' lang='lat' dir='ltr'>neme.</span> <span class='ocrx_word' id='word_1_208' title='bbox 723 1780 896 1818; x_wconf 88' lang='lat' dir='ltr'>quantum</span> <span class='ocrx_word' id='word_1_209' title='bbox 931 1774 1014 1813; x_wconf 91' lang='lat' dir='ltr'>scio,</span> <span class='ocrx_word' id='word_1_210' title='bbox 1051 1774 1172 1807; x_wconf 89' lang='lat' dir='ltr'>dedita</span> <span class='ocrx_word' id='word_1_211' title='bbox 1209 1784 1318 1818; x_wconf 91' lang='lat' dir='ltr'>opera</span> <span class='ocrx_word' id='word_1_212' title='bbox 1355 1773 1389 1806; x_wconf 88' lang='lat' dir='ltr'>in</span> <span class='ocrx_word' id='word_1_213' title='bbox 1427 1772 1590 1806; x_wconf 88' lang='lat' dir='ltr'>Prisciani</span> 
     </span>
     <span class='ocr_line' id='line_1_25' title="bbox 163 1832 1589 1879; baseline 0.001 -13"><span class='ocrx_word' id='word_1_214' title='bbox 163 1833 424 1867; x_wconf 88' lang='lat' dir='ltr'>institutionum</span> <span class='ocrx_word' id='word_1_215' title='bbox 451 1833 567 1867; x_wconf 88' lang='lat' dir='ltr'>fontes</span> <span class='ocrx_word' id='word_1_216' title='bbox 594 1835 785 1879; x_wconf 85' lang='lat' dir='ltr'>inquisivit,</span> <span class='ocrx_word' id='word_1_217' title='bbox 811 1846 854 1868; x_wconf 90' lang='lat' dir='ltr'>eo</span> <span class='ocrx_word' id='word_1_218' title='bbox 881 1834 995 1878; x_wconf 87' lang='lat' dir='ltr'>magis</span> <span class='ocrx_word' id='word_1_219' title='bbox 1020 1833 1219 1867; x_wconf 88' lang='lat' dir='ltr'>mirandum</span> <span class='ocrx_word' id='word_1_220' title='bbox 1247 1839 1310 1874; x_wconf 86' lang='lat' dir='ltr'>est,</span> <span class='ocrx_word' id='word_1_221' title='bbox 1339 1844 1412 1877; x_wconf 92' lang='lat' dir='ltr'>quo.</span> <span class='ocrx_word' id='word_1_222' title='bbox 1435 1832 1490 1867; x_wconf 91' lang='lat' dir='ltr'>ille</span> <span class='ocrx_word' id='word_1_223' title='bbox 1515 1838 1589 1867; x_wconf 88' lang='lat' dir='ltr'>tan-</span> 
     </span>
     <span class='ocr_line' id='line_1_26' title="bbox 164 1894 1590 1941; baseline 0 -13"><span class='ocrx_word' id='word_1_224' title='bbox 164 1899 237 1928; x_wconf 91' lang='lat' dir='ltr'>tam</span> <span class='ocrx_word' id='word_1_225' title='bbox 263 1894 421 1939; x_wconf 91' lang='lat' dir='ltr'>undique</span> <span class='ocrx_word' id='word_1_226' title='bbox 447 1899 483 1929; x_wconf 87' lang='lat' dir='ltr'>et</span> <span class='ocrx_word' id='word_1_227' title='bbox 508 1894 798 1929; x_wconf 83' lang='lat' dir='ltr'>observationum</span> <span class='ocrx_word' id='word_1_228' title='bbox 817 1900 1165 1941; x_wconf 85' lang='lat' dir='ltr'>praeceptorumque</span> <span class='ocrx_word' id='word_1_229' title='bbox 1196 1900 1231 1929; x_wconf 90' lang='lat' dir='ltr'>et</span> <span class='ocrx_word' id='word_1_230' title='bbox 1257 1900 1418 1928; x_wconf 88' lang='lat' dir='ltr'>veterum</span> <span class='ocrx_word' id='word_1_231' title='bbox 1444 1894 1590 1939; x_wconf 91' lang='lat' dir='ltr'>scripto-</span> 
     </span>
     <span class='ocr_line' id='line_1_27' title="bbox 162 1954 1590 1999; baseline -0.001 -12"><span class='ocrx_word' id='word_1_232' title='bbox 162 1965 241 1987; x_wconf 91' lang='lat' dir='ltr'>rum</span> <span class='ocrx_word' id='word_1_233' title='bbox 267 1954 493 1998; x_wconf 87' lang='lat' dir='ltr'>reliquiarum</span> <span class='ocrx_word' id='word_1_234' title='bbox 520 1955 644 1988; x_wconf 89' lang='lat' dir='ltr'>silvam</span> <span class='ocrx_word' id='word_1_235' title='bbox 670 1956 860 1999; x_wconf 89' lang='lat' dir='ltr'>congessit,</span> <span class='ocrx_word' id='word_1_236' title='bbox 890 1961 927 1988; x_wconf 89' lang='lat' dir='ltr'>ut</span> <span class='ocrx_word' id='word_1_237' title='bbox 951 1966 1064 1999; x_wconf 91' lang='lat' dir='ltr'>paene</span> <span class='ocrx_word' id='word_1_238' title='bbox 1090 1955 1136 1988; x_wconf 88' lang='lat' dir='ltr'>ab</span> <span class='ocrx_word' id='word_1_239' title='bbox 1162 1954 1328 1988; x_wconf 88' lang='lat' dir='ltr'>omnibus</span> <span class='ocrx_word' id='word_1_240' title='bbox 1353 1954 1411 1997; x_wconf 93' lang='lat' dir='ltr'>qui</span> <span class='ocrx_word' id='word_1_241' title='bbox 1449 1954 1590 1997; x_wconf 88' lang='lat' dir='ltr'>linguae</span> 
     </span>
     <span class='ocr_line' id='line_1_28' title="bbox 162 2014 1590 2061; baseline 0.001 -13"><span class='ocrx_word' id='word_1_242' title='bbox 162 2019 198 2049; x_wconf 90' lang='lat' dir='ltr'>et</span> <span class='ocrx_word' id='word_1_243' title='bbox 232 2014 411 2048; x_wconf 89' lang='lat' dir='ltr'>literarum</span> <span class='ocrx_word' id='word_1_244' title='bbox 449 2014 657 2049; x_wconf 87' lang='lat' dir='ltr'>Latinarum</span> <span class='ocrx_word' id='word_1_245' title='bbox 696 2015 865 2050; x_wconf 85' lang='lat' dir='ltr'>historiae</span> <span class='ocrx_word' id='word_1_246' title='bbox 904 2027 1051 2061; x_wconf 87' lang='lat' dir='ltr'>operam</span> <span class='ocrx_word' id='word_1_247' title='bbox 1091 2020 1222 2050; x_wconf 88' lang='lat' dir='ltr'>navent</span> <span class='ocrx_word' id='word_1_248' title='bbox 1259 2014 1443 2050; x_wconf 88' lang='lat' dir='ltr'>adeundus</span> <span class='ocrx_word' id='word_1_249' title='bbox 1482 2019 1590 2058; x_wconf 87' lang='lat' dir='ltr'>atque</span> 
     </span>
     <span class='ocr_line' id='line_1_29' title="bbox 164 2062 1591 2120; baseline -0.001 -12"><span class='ocrx_word' id='word_1_250' title='bbox 164 2076 400 2109; x_wconf 89' lang='lat' dir='ltr'>excutiendus</span> <span class='ocrx_word' id='word_1_251' title='bbox 425 2076 480 2110; x_wconf 86' lang='lat' dir='ltr'>sit.</span> <span class='ocrx_word' id='word_1_252' title='bbox 530 2076 699 2110; x_wconf 86' lang='lat' dir='ltr'>Nostrum</span> <span class='ocrx_word' id='word_1_253' title='bbox 724 2077 834 2120; x_wconf 88' lang='lat' dir='ltr'>igitur</span> <span class='ocrx_word' id='word_1_254' title='bbox 861 2082 914 2110; x_wconf 89' lang='lat' dir='ltr'>est</span> <span class='ocrx_word' id='word_1_255' title='bbox 945 2078 979 2109; x_wconf 91' lang='lat' dir='ltr'>in</span> <span class='ocrx_word' id='word_1_256' title='bbox 1017 2077 1133 2110; x_wconf 88' lang='lat' dir='ltr'>fontes</span> <span class='ocrx_word' id='word_1_257' title='bbox 1167 2077 1252 2115; x_wconf 90' lang='lat' dir='ltr'>eius,</span> <span class='ocrx_word' id='word_1_258' title='bbox 1289 2062 1468 2119; x_wconf 77' lang='lat' dir='ltr'>quatenus</span> <span class='ocrx_word' id='word_1_259' title='bbox 1499 2086 1591 2119; x_wconf 90' lang='lat' dir='ltr'>opus</span> 
     </span>
     <span class='ocr_line' id='line_1_30' title="bbox 163 2134 1591 2182; baseline 0.001 -14"><span class='ocrx_word' id='word_1_260' title='bbox 163 2137 228 2175; x_wconf 84' lang='lat' dir='ltr'>e&#39;st,</span> <span class='ocrx_word' id='word_1_261' title='bbox 257 2134 442 2179; x_wconf 86' lang='lat' dir='ltr'>inquirere.</span> <span class='ocrx_word' id='word_1_262' title='bbox 471 2134 507 2169; x_wconf 93' lang='lat' dir='ltr'>id</span> <span class='ocrx_word' id='word_1_263' title='bbox 533 2141 586 2170; x_wconf 91' lang='lat' dir='ltr'>est</span> <span class='ocrx_word' id='word_1_264' title='bbox 621 2137 679 2177; x_wconf 87' lang='lat' dir='ltr'>ita,</span> <span class='ocrx_word' id='word_1_265' title='bbox 720 2134 758 2171; x_wconf 91' lang='lat' dir='ltr'>ut</span> <span class='ocrx_word' id='word_1_266' title='bbox 785 2147 855 2170; x_wconf 90' lang='lat' dir='ltr'>non</span> <span class='ocrx_word' id='word_1_267' title='bbox 882 2136 995 2171; x_wconf 91' lang='lat' dir='ltr'>solum</span> <span class='ocrx_word' id='word_1_268' title='bbox 1031 2147 1072 2171; x_wconf 90' lang='lat' dir='ltr'>ea</span> <span class='ocrx_word' id='word_1_269' title='bbox 1107 2148 1199 2181; x_wconf 91' lang='lat' dir='ltr'>quae</span> <span class='ocrx_word' id='word_1_270' title='bbox 1226 2147 1307 2179; x_wconf 84' lang='lat' dir='ltr'>cum</span> <span class='ocrx_word' id='word_1_271' title='bbox 1341 2134 1591 2182; x_wconf 87' lang='lat' dir='ltr'>probabilitate</span> 
     </span>
     <span class='ocr_line' id='line_1_31' title="bbox 164 2191 1588 2241; baseline 0.001 -12"><span class='ocrx_word' id='word_1_272' title='bbox 164 2197 209 2230; x_wconf 87' lang='lat' dir='ltr'>ad</span> <span class='ocrx_word' id='word_1_273' title='bbox 235 2191 322 2230; x_wconf 88' lang='lat' dir='ltr'>Plini</span> <span class='ocrx_word' id='word_1_274' title='bbox 348 2196 446 2230; x_wconf 91' lang='lat' dir='ltr'>dubii</span> <span class='ocrx_word' id='word_1_275' title='bbox 473 2198 648 2231; x_wconf 90' lang='lat' dir='ltr'>sermonis</span> <span class='ocrx_word' id='word_1_276' title='bbox 672 2198 780 2232; x_wconf 86' lang='lat' dir='ltr'>libros</span> <span class='ocrx_word' id='word_1_277' title='bbox 808 2198 1002 2232; x_wconf 77' lang='lat' dir='ltr'>referantur</span> <span class='ocrx_word' id='word_1_278' title='bbox 1028 2198 1249 2241; x_wconf 85' lang='lat' dir='ltr'>conligamus</span> <span class='ocrx_word' id='word_1_279' title='bbox 1284 2203 1320 2231; x_wconf 87' lang='lat' dir='ltr'>et</span> <span class='ocrx_word' id='word_1_280' title='bbox 1354 2197 1588 2236; x_wconf 86' lang='lat' dir='ltr'>inlustremus,</span> 
     </span>
    </p>
   </div>
   <div class='ocr_carea' id='block_1_7' title="bbox 163 2256 1591 2413">
    <p class='ocr_par' dir='ltr' id='par_1_8' title="bbox 163 2256 1591 2413">
     <span class='ocr_line' id='line_1_32' title="bbox 163 2256 1591 2303; baseline 0.001 -15"><span class='ocrx_word' id='word_1_281' title='bbox 163 2256 226 2289; x_wconf 87' lang='lat' dir='ltr'>sed</span> <span class='ocrx_word' id='word_1_282' title='bbox 262 2256 370 2290; x_wconf 90' lang='lat' dir='ltr'>etiam</span> <span class='ocrx_word' id='word_1_283' title='bbox 407 2261 525 2289; x_wconf 86' lang='lat' dir='ltr'>utrum</span> <span class='ocrx_word' id='word_1_284' title='bbox 561 2257 637 2301; x_wconf 90' lang='lat' dir='ltr'>ipse</span> <span class='ocrx_word' id='word_1_285' title='bbox 669 2257 787 2292; x_wconf 84' lang='lat' dir='ltr'>Plinio</span> <span class='ocrx_word' id='word_1_286' title='bbox 824 2269 907 2291; x_wconf 91' lang='lat' dir='ltr'>usus</span> <span class='ocrx_word' id='word_1_287' title='bbox 945 2258 989 2292; x_wconf 89' lang='lat' dir='ltr'>sit</span> <span class='ocrx_word' id='word_1_288' title='bbox 1020 2269 1065 2291; x_wconf 87' lang='lat' dir='ltr'>an</span> <span class='ocrx_word' id='word_1_289' title='bbox 1101 2269 1165 2303; x_wconf 90' lang='lat' dir='ltr'>per</span> <span class='ocrx_word' id='word_1_290' title='bbox 1190 2258 1342 2295; x_wconf 85' lang='lat' dir='ltr'>alienam</span> <span class='ocrx_word' id='word_1_291' title='bbox 1379 2278 1424 2282; x_wconf 88' lang='lat'><em>-</em></span> <span class='ocrx_word' id='word_1_292' title='bbox 1458 2261 1493 2291; x_wconf 92' lang='lat' dir='ltr'>et</span> <span class='ocrx_word' id='word_1_293' title='bbox 1527 2267 1591 2302; x_wconf 88' lang='lat' dir='ltr'>per</span> 
     </span>
     <span class='ocr_line' id='line_1_33' title="bbox 163 2317 1590 2364; baseline 0.001 -14"><span class='ocrx_word' id='word_1_294' title='bbox 163 2317 262 2351; x_wconf 92' lang='lat' dir='ltr'>cuius</span> <span class='ocrx_word' id='word_1_295' title='bbox 288 2337 333 2343; x_wconf 90' lang='lat'>--</span> <span class='ocrx_word' id='word_1_296' title='bbox 366 2327 512 2351; x_wconf 89' lang='lat' dir='ltr'>manum</span> <span class='ocrx_word' id='word_1_297' title='bbox 539 2317 632 2352; x_wconf 91' lang='lat' dir='ltr'>illam</span> <span class='ocrx_word' id='word_1_298' title='bbox 660 2318 856 2353; x_wconf 90' lang='lat' dir='ltr'>doctrinam</span> <span class='ocrx_word' id='word_1_299' title='bbox 888 2319 1073 2364; x_wconf 89' lang='lat' dir='ltr'>adcepisse</span> <span class='ocrx_word' id='word_1_300' title='bbox 1107 2319 1363 2353; x_wconf 88' lang='lat' dir='ltr'>existimandus</span> <span class='ocrx_word' id='word_1_301' title='bbox 1397 2318 1443 2352; x_wconf 89' lang='lat' dir='ltr'>sit</span> <span class='ocrx_word' id='word_1_302' title='bbox 1468 2328 1590 2358; x_wconf 83' lang='lat' dir='ltr'>eruere</span> 
     </span>
     <span class='ocr_line' id='line_1_34' title="bbox 163 2389 346 2413; baseline 0.005 -1"><span class='ocrx_word' id='word_1_303' title='bbox 163 2389 346 2413; x_wconf 90' lang='lat' dir='ltr'>conemur.</span> 
     </span>
    </p>
   </div>
   <div class='ocr_carea' id='block_1_8' title="bbox 282 2438 1592 2485">
    <p class='ocr_par' dir='ltr' id='par_1_9' title="bbox 282 2438 1592 2485">
     <span class='ocr_line' id='line_1_35' title="bbox 282 2438 1592 2485; baseline 0.002 -14"><span class='ocrx_word' id='word_1_304' title='bbox 282 2438 339 2472; x_wconf 90' lang='lat' dir='ltr'>Ac</span> <span class='ocrx_word' id='word_1_305' title='bbox 364 2438 519 2484; x_wconf 80' lang='lat' dir='ltr'>primum</span> <span class='ocrx_word' id='word_1_306' title='bbox 547 2439 692 2484; x_wconf 90' lang='lat' dir='ltr'>quidem</span> <span class='ocrx_word' id='word_1_307' title='bbox 719 2452 827 2485; x_wconf 90' lang='lat' dir='ltr'>quam</span> <span class='ocrx_word' id='word_1_308' title='bbox 856 2441 889 2474; x_wconf 91' lang='lat' dir='ltr'>in</span> <span class='ocrx_word' id='word_1_309' title='bbox 917 2440 1119 2475; x_wconf 88' lang='lat' dir='ltr'>universum</span> <span class='ocrx_word' id='word_1_310' title='bbox 1145 2440 1340 2475; x_wconf 92' lang='lat' dir='ltr'>Priscianus</span> <span class='ocrx_word' id='word_1_311' title='bbox 1371 2444 1514 2474; x_wconf 70' lang='lat' dir='ltr'>secutus</span> <span class='ocrx_word' id='word_1_312' title='bbox 1546 2439 1592 2474; x_wconf 85' lang='lat' dir='ltr'>sit</span> 
     </span>
    </p>
   </div>
  </div>
 </body>
</html>
