1751 2750
827 167 865 192 21

130 266 343 321 addenda).'
378 275 500 321 Atque
526 286 548 309 a
572 275 682 310 Plinio
706 274 806 320 plura
832 275 975 308 nomina
993 275 1027 308 in
1050 275 1121 308 ista
1137 274 1347 318 quaestione
1371 284 1451 308 esse
1475 278 1566 308 trac-

139 341 215 370 tata
240 348 259 370 e
285 334 410 370 Servio
437 336 483 369 ad
507 335 599 370 Aen.
618 336 658 375 11,
692 336 732 369 18
760 335 939 375 discimus,
968 335 1027 369 ubi
1046 335 1191 379 legitur:
1224 335 1356 368 »virum
1384 346 1450 379 pro
1476 334 1565 368 viro-

141 406 229 435 rum,
258 406 328 439 qua
354 384 468 439 figura
492 401 528 429 et
553 396 588 428 in
613 405 720 439 prosa
747 395 886 427 utimur.
923 395 1008 427 dicit
1040 406 1124 428 sane
1150 395 1281 427 Plinius
1314 395 1383 439 [»in
1415 394 1563 427 naturali

143 454 308 490 historia«
338 455 587 500 interpolatum
621 455 686 500 est]
712 454 781 490 hoc
807 454 842 488 in
875 460 1000 489 neutro
1033 465 1104 488 non
1139 466 1217 489 esse
1246 453 1456 494 faciendum,
1490 454 1563 488 scil.

141 521 289 560 propter
305 527 450 549 casuum
469 515 746 554 similitudinem,
774 515 837 548 nisi
858 514 947 549 forte
966 515 1074 548 nimia
1092 516 1194 549 metri
1214 516 1404 549 necessitas
1420 520 1563 559 cogat«.

141 574 214 609 Sed
257 575 332 614 126.
372 582 414 618 25
451 575 563 610 Plinio
596 574 798 608 adtribuere
832 580 1023 619 propterea
1056 575 1190 614 dubito,
1224 575 1322 619 quod
1353 580 1564 619 argumenta

142 635 269 670 desunt
304 642 340 669 et
375 636 431 669 ille
468 635 634 680 exempla
671 640 747 669 tam
786 635 936 668 verbosa
973 635 1142 669 exhibere
1174 646 1244 669 non
1276 635 1375 669 solet.
1428 635 1563 670 Maiore

141 706 226 728 vero
253 696 326 729 iure
352 701 441 739 puto
468 706 519 734 ea,
548 706 640 739 quae
666 706 693 730 S.
712 706 744 727 v.
777 695 1086 738 »vectigaliorum‹
1116 695 1247 739 scripta
1273 700 1425 733 exstant,
1453 695 1563 728 Plinio

143 755 323 795 vindicari,
363 755 554 800 praecipue
592 761 737 800 propter
773 755 981 789 memoriam
1020 755 1140 789 Rutilii
1181 754 1246 788 »de
1283 755 1355 788 vita
1392 766 1477 788 sua«
1518 756 1561 800 (v,

141 814 316 851 Schottm.
353 827 387 860 p.
421 818 490 862 42).
544 816 683 849 Deinde
706 816 734 849 si
762 814 866 851 Char.
903 815 962 857 62,
1002 823 1040 858 1⁷5
1077 826 1322 860 conparamuS,
1359 816 1562 849 Romanum

140 875 249 921 paulo
273 875 373 921 plura
398 876 605 921 praebuisse
639 887 747 921 quam
775 875 953 911 Charisius
979 876 1014 909 in
1040 887 1068 910 c.
1097 876 1197 910 XVII
1222 877 1410 920 exscripsit
1434 876 1562 921 proba-

139 937 209 971 bile
235 936 282 971 fit.
337 937 458 981 Atque
485 949 530 972 ne
564 943 730 983 putemus
756 949 785 971 c.
812 937 882 971 XV
906 943 1089 971 auctorem
1126 937 1277 971 Romani
1314 944 1484 983 excerpto
1519 937 1564 971 de

139 1008 204 1031 suo
232 998 409 1032 addidisse
436 998 524 1032 haec
551 999 680 1034 verba:
713 1003 768 1031 »et
794 998 987 1034 Horatius:
1025 998 1252 1031 »anciliorum
1278 1003 1314 1032 et
1349 998 1502 1032 nominis
1527 1003 1564 1031 et

138 1063 279 1102 togae«,
308 1063 347 1092 ut
373 1058 686 1092 Bacchanaliorum
713 1058 898 1094 Sallustius
922 1064 957 1092 et
983 1058 1305 1098 Volcanaliorume,
1333 1058 1563 1103 prohibemur

134 1118 282 1152 vconlato
321 1118 438 1152 Nonio
477 1129 512 1163 p.
551 1120 623 1162 489
658 1119 728 1164 (ed.
768 1118 975 1162 Mercerus):
1012 1118 1456 1152 »Bacchanaliorum
1495 1129 1562 1162 pro

139 1178 422 1219 Bacchanalium,
450 1184 490 1213 ut
502 1191 524 1212 v
535 1179 721 1224 ectigali
735 1191 782 1214 or
793 1192 814 1213 u
825 1191 859 1213 m
875 1185 911 1214 et
924 1179 1215 1225 Compitaliorurn
1230 1185 1266 1214 et
1278 1179 1507 1214 Novaliorum
1526 1184 1563 1214 et

137 1238 519 1274 Vulcanaliorum.
546 1239 816 1275 Sallustius:
839 1241 1089 1285 ›exaudirique
1102 1252 1211 1274 sonus
1224 1240 1558 1274 Bacchanaliorum«

138 1310 165 1333 e.
195 1310 229 1344 q.
256 1311 294 1339 s„
322 1310 429 1344 quem
456 1300 586 1333 eodem
611 1300 709 1334 fonte
736 1311 839 1334 usum
866 1312 943 1335 esse
977 1312 1018 1335 ac
1043 1301 1246 1335 Romanum
1279 1301 1437 1346 adparet,
1465 1311 1560 1334 eum-

138 1372 209 1405 que
235 1372 506 1405 nonnumquam
532 1362 616 1395 Plini
643 1362 770 1395 librum
797 1361 904 1396 fuisse
931 1363 1002 1396 iam
1029 1362 1203 1402 Schmidt,
1232 1362 1277 1395 de
1292 1363 1409 1395 Nonio
1435 1373 1468 1406 p.
1494 1369 1556 1404 153

136 1421 301 1465 conlegit.
354 1421 409 1455 De
437 1420 681 1455 Saturnalibus
707 1427 825 1455 autem
853 1427 889 1456 et
913 1423 1081 1456 Parilibus
1109 1430 1145 1456 et
1169 1422 1318 1456 aliorum
1336 1422 1559 1455 sollemnium

136 1481 339 1516 nominibus
365 1482 495 1516 Plinius
519 1482 626 1516 etiam
652 1493 706 1527 ap.
733 1481 832 1517 Char.
868 1495 902 1528 p.
945 1492 1020 1526 143,
1054 1492 1105 1526 19.
1144 1483 1221 1523 126,
1253 1492 1265 1516 1
1304 1483 1453 1523 disserit,
1488 1482 1559 1527 qui-

136 1542 286 1576 buscum
314 1554 384 1577 una
410 1544 455 1577 de
485 1542 754 1588 ›vectigalium‹
786 1549 821 1577 et
855 1543 1026 1578 similibus
1062 1544 1176 1589 egisse
1203 1544 1350 1578 videtur.
1403 1542 1450 1577 Et
1476 1542 1559 1577 alibi

136 1614 290 1648 quoque,
319 1604 377 1638 ubi
404 1604 533 1638 Plinius
559 1610 749 1649 usurpatus
774 1616 851 1638 esse
868 1605 1016 1645 videtur,
1046 1616 1126 1639 cum
1153 1617 1196 1639 ea
1223 1605 1342 1649 regula
1368 1615 1460 1649 quae
1483 1613 1558 1646 143,

136 1669 178 1705 25
225 1664 436 1708 proponitur
482 1664 686 1709 exemplum
724 1665 960 1699 Horatianum
1000 1665 1083 1699 illud
1131 1665 1359 1699 coniunctum
1401 1665 1558 1709 adparet,

134 1713 231 1757 velut
262 1725 359 1769 apud
386 1724 598 1759 Cledonium
623 1725 668 1760 K.
696 1737 748 1769 gr.
777 1726 817 1761 L.
845 1726 880 1760 V
905 1739 938 1771 p.
965 1736 1024 1769 43,
1052 1736 1096 1768 4:
1136 1727 1462 1770 »quotienscunque
1495 1726 1561 1760 ista

136 1784 280 1817 nomina
307 1785 341 1818 in
369 1785 588 1819 nominativo
625 1785 747 1830 plurali
779 1791 861 1820 ante
898 1786 1058 1820 ultimam
1091 1786 1250 1820 vocalem
1277 1797 1298 1819 a
1325 1786 1334 1819 i
1361 1786 1557 1826 habuerint,

136 1855 279 1889 semper
317 1846 523 1889 genetivum
561 1846 595 1879 in
631 1846 704 1880 ium
742 1847 903 1888 mittunt;
942 1847 970 1880 si
1010 1852 1277 1887 consonantem,
1319 1846 1353 1880 in
1393 1857 1482 1887 rum,
1523 1851 1562 1881 ut

136 1906 277 1940 moenia
303 1907 494 1947 moenium,
522 1913 637 1941 castra
662 1913 869 1948 castrorum,
896 1908 977 1942 licet
1002 1914 1139 1942 veteres
1174 1914 1298 1942 contra
1324 1914 1436 1942 artem
1465 1919 1559 1942 moe-

136 1966 274 2001 niorum
301 1967 452 2002 dixerint
477 1974 512 2002 et
537 1969 832 2009 anciliorum,
870 1974 906 2002 ut
946 1969 1169 2003 »anciliorum
1186 1996 1192 2002 .
1209 1997 1216 2005 .
1233 1983 1276 2005 .‹.
1304 1969 1490 2003 Praeterea
1515 1967 1561 2005 ef.

136 2026 235 2064 Serv.
262 2028 297 2062 in
323 2028 416 2063 Don.
443 2028 488 2065 K.
515 2029 566 2063 IV
592 2037 674 2073 435,
704 2038 736 2069 2,
764 2029 891 2073 Pomp.
920 2030 964 2066 K.
992 2030 1027 2064 V
1059 2030 1134 2070 168,
1169 2039 1220 2074 19.
1255 2030 1331 2073 196,
1366 2039 1416 2073 19.

252 2089 417 2133 Denique
446 2095 737 2134 ›poematorum‹
766 2091 905 2124 titulum
938 2100 1013 2133 141,
1044 2100 1089 2134 29
1115 2091 1202 2124 satis
1236 2096 1335 2124 certo
1359 2090 1470 2124 Plinio
1504 2090 1561 2124 ad-

136 2147 277 2193 signare
303 2149 394 2189 licet,
422 2149 555 2194 quippe
581 2151 641 2194 qui
668 2161 749 2184 cum
789 2151 1006 2195 »poematis«
1040 2160 1116 2193 140,
1148 2158 1164 2194 5
1191 2156 1269 2184 arto
1304 2150 1445 2184 vinculo
1479 2162 1560 2184 con-

137 2209 276 2243 iunctus
301 2210 355 2243 sit.
396 2210 518 2254 Atque
544 2210 639 2244 hunc
657 2230 703 2236 —
729 2217 883 2256 excepto
910 2212 1018 2246 Annii
1044 2212 1138 2245 Flori
1166 2211 1331 2255 exemplo
1357 2222 1378 2244 a
1395 2211 1562 2244 Romano

135 2269 260 2303 addito
287 2289 332 2294 —
360 2269 558 2304 Plinianum
585 2281 663 2305 esse
690 2271 919 2317 perspicuum
945 2271 994 2312 fit,
1020 2272 1048 2305 si
1073 2283 1107 2317 p.
1137 2279 1191 2315 53,
1223 2279 1262 2304 12
1289 2269 1461 2310 conferas,
1501 2270 1562 2305 ubi

136 2335 220 2374 post
245 2330 415 2365 Varronis
441 2331 536 2365 idem
562 2332 767 2377 exemplum
794 2333 922 2367 Plinius
948 2333 1125 2367 inducitur
1151 2333 1346 2376 disputanS,
1377 2332 1561 2376 quomodo

104 2420 105 2423 ,
135 2389 251 2424 Varro
277 2391 387 2424 verba
412 2402 495 2424 vere
522 2390 660 2425 Graeca
689 2392 926 2426 declinaverit.
968 2378 1065 2436 ,Qua
1089 2393 1135 2426 de
1161 2403 1268 2425 causa
1306 2392 1413 2425 etiam
1444 2402 1561 2425 exem-

136 2449 235 2497 plum
258 2450 456 2486 Plautinum
499 2462 575 2495 144,
607 2461 660 2497 19,
688 2453 786 2498 quod
822 2453 947 2488 iterum
977 2461 1031 2497 53,
1066 2461 1105 2498 15
1134 2454 1272 2498 legitur,
1299 2453 1407 2487 Plinio
1440 2453 1561 2490 deberi
