1751 2750
1564 26 1568 36 ι
1589 26 1631 46 ;,>-·
1641 36 1654 44 ἡ.

1585 49 1597 67 ⁴.
1616 50 1657 64 ...N

1601 67 1629 85 ,ιτς
1639 67 1652 76 ¹-

1568 96 1572 100 .
1582 98 1593 109 ,ι
1638 106 1642 108 ‚
1652 102 1663 116 ἓ

1588 127 1596 134 0
1629 120 1655 139 J!

1366 84 1372 88 -
1657 0 1751 128 i

822 141 869 174 44

1630 190 1635 196 ‹
1654 188 1677 193 -ι
1706 201 1708 203 ‚
1733 181 1751 215 ’ἒ

127 247 321 282 diverso
355 248 651 282 auctoritatis
684 261 766 283 usu
801 250 1000 295 approbata
1033 249 1282 294 subiungam«.
1334 249 1475 294 Quibus
1508 250 1555 285 in·

127 308 246 354 plicite
273 320 389 352 neque
416 309 569 343 obscure
596 310 728 344 indicat
754 310 789 344 in
817 311 876 345 illo
910 311 999 344 libro
1033 311 1292 345 conscribendo
1331 315 1402 345 hon
1437 303 1565 345 admo?

126 370 211 403 dum
240 381 410 413 magnam
436 381 558 403 curam
584 382 663 404 sese
691 370 902 405 conlocasse
929 382 1045 415 neque
1069 371 1201 406 multos
1224 377 1388 406 auctores
1413 383 1451 406 se
1477 383 1557 406 con-

126 430 284 464 suluisse.
339 430 453 474 Quae,
490 442 571 464 cum
599 430 754 474 Caprum
781 451 829 457 —-
857 443 967 475 quem
999 433 1106 466 etiam
1133 432 1168 465 in
1194 432 1228 465 V
1253 432 1344 465 libro
1376 432 1456 466 licet
1489 432 1557 466 alio

126 491 273 523 consilio
312 491 507 534 conpilavit
543 510 588 515 —
623 502 687 536 per
724 492 918 524 maximam
957 491 1032 524 libri
1060 490 1109 524 VI
1147 495 1285 535 partem
1322 496 1463 524 secutus
1500 491 1556 531 sit,

126 550 231 584 valde
257 556 339 584 sunt
365 556 616 585 consentanea.

245 611 310 644 His
337 611 510 653 expositis
538 611 573 644 id
593 611 695 645 nobis
713 611 897 654 agendum
924 617 979 648 est
1006 617 1044 645 ut
1062 611 1218 644 Pliniana
1235 616 1437 656 praecepta,
1464 622 1556 656 quae

126 672 161 705 in
186 671 205 705 l.
236 671 285 705 VI
312 672 441 711 insunt,
471 671 735 716 investigemus.
789 671 870 716 Qua
896 672 930 706 in
957 684 994 706 re
1020 672 1212 717 praecipue
1237 672 1420 706 Romanus
1453 672 1557 708 nobis

127 733 259 767 auxilio
284 738 349 773 est,
394 733 454 778 qui
491 733 650 778 inprimis
675 733 786 767 Plinio
812 733 891 778 ipso
925 745 1009 767 usus
1043 739 1097 767 est
1128 745 1245 779 neque
1270 733 1426 779 Caprum
1459 734 1556 767 adire

126 793 293 838 neglexit.
346 793 562 827 Priscianum
589 804 714 827 verum
732 793 888 827 Pliniana
916 804 986 827 non
1014 793 1211 828 eCharisio
1237 793 1412 827 delibasse
1438 805 1555 828 exem-

124 855 184 899 pla
210 855 287 898 ipsa
312 855 454 894 docent.
483 865 638 898 quorum
664 854 924 899 discrepantiae
958 866 1003 889 eo
1037 855 1269 900 explicantur,
1300 854 1398 899 quod
1425 855 1554 889 Roma-

125 928 191 950 nus
221 916 268 950 ab
303 917 381 961 ipso
407 916 529 954 Plinio,
566 915 761 949 Priscianus
786 927 808 949 a
834 915 953 960 Capro
988 927 1052 949 sua
1085 915 1293 960 desumpsit.
1348 915 1452 959 Quae
1489 926 1555 960 pro

124 976 289 1010 Plinianis
316 976 482 1009 habenda
507 976 578 1009 sint
601 976 659 1009 hic
684 976 873 1020 conligam.

241 1037 346 1070 Prisc.
382 1045 458 1079 199,
493 1037 534 1070 16
564 1036 750 1070 ›schema«
782 1049 826 1068 Ξ
855 1035 959 1071 Char.
991 1043 1045 1079 53,
1077 1043 1130 1080 15,
1156 1035 1215 1070 ubi
1241 1036 1371 1070 Plinius
1398 1036 1552 1070 nomina-

124 1103 191 1131 tur.
255 1096 307 1132 Cf.
346 1097 449 1133 Char.
492 1107 568 1140 144,
608 1106 660 1140 17,
695 1097 851 1130 Nonium
887 1106 966 1138 224,
1003 1105 1048 1138 30
1080 1097 1151 1141 (ed.
1186 1097 1387 1141 Mercerus).
1444 1097 1555 1141 Apud

123 1158 338 1195 Priscianum
376 1158 482 1191 etiam
519 1157 717 1191 secundum
753 1162 789 1190 et
821 1157 964 1190 tertium
1004 1156 1235 1190 »schematis«
1271 1156 1474 1202 exemplum
1514 1177 1550 1182 —

124 1218 170 1251 de
195 1218 338 1262 reliquis
365 1218 449 1251 nihil
476 1218 582 1251 statui
609 1222 731 1262 potest
757 1238 804 1242 ——
829 1217 940 1250 Plinio
967 1217 1087 1250 deberi
1114 1222 1213 1261 puto,
1242 1217 1448 1262 praesertim
1472 1229 1554 1252 cum

121 1278 272 1312 alterum
300 1289 412 1323 aeque
445 1289 487 1312 ac
513 1278 666 1324 primum
694 1288 715 1311 a
735 1277 857 1311 Plauto
891 1277 1043 1322 petitum
1078 1277 1131 1315 sit.
1166 1278 1309 1312 tertium
1336 1289 1357 1312 a
1383 1278 1549 1319 Caecilio,

125 1339 184 1382 qui
210 1339 317 1373 etiam
343 1340 377 1373 in
404 1339 540 1373 Charisi
568 1339 765 1384 posteriore
800 1338 880 1372 loco
915 1338 1088 1374 laudatur.
1140 1339 1286 1377 Nonius,
1318 1339 1414 1383 apud
1447 1350 1555 1385 quem

122 1400 326 1434 testimonia
351 1400 448 1434 vocis
480 1397 711 1433 ›schematis‹
741 1400 775 1433 in
802 1399 891 1433 serie
918 1399 1078 1436 Plautina
1103 1399 1231 1438 insunt,
1260 1411 1280 1432 e
1306 1401 1551 1434 conmentario

123 1460 241 1494 hausit
267 1461 314 1504 (v.
345 1459 508 1495 Schmidt
532 1460 551 1494 l.
579 1460 599 1493 l.
628 1471 661 1504 p.
690 1469 745 1504 27.
776 1468 822 1502 34
861 1460 968 1506 sqq),
1008 1464 1046 1493 ut
1080 1459 1246 1494 omniane
1282 1459 1366 1493 Plini
1403 1460 1473 1495 sint
1506 1461 1555 1495 di-

119 1522 245 1565 gnosci
272 1527 439 1565 nequeat.
1048 1544 1056 1551 ·

239 1581 343 1616 Prisc.
383 1590 463 1620 201,
500 1583 520 1615 8
556 1582 613 1626 (Ξ
640 1581 698 1617 lib.
726 1580 761 1614 V
794 1587 869 1623 145,
900 1581 934 1625 5)
968 1580 1013 1614 de
1049 1580 1183 1614 »mille«
1219 1581 1405 1625 conparari
1439 1582 1553 1626 possit

121 1653 204 1675 curn
230 1642 353 1686 Pomp.
383 1642 426 1675 K.
454 1642 488 1675 V
516 1651 593 1686 172,
627 1651 679 1681 11,
708 1641 768 1674 ubi
801 1641 930 1674 Plinius
964 1641 1127 1675 laudatur
1162 1640 1220 1685 (cf.
1255 1642 1363 1675 etiam
1401 1642 1555 1676 eundem

125 1704 202 1745 185,
236 1704 292 1746 18)
325 1707 360 1735 et
411 1701 560 1737 Cledon.
587 1709 645 1745 45,
680 1710 731 1740 11,
761 1700 820 1734 ubi
848 1701 933 1734 Plini
967 1711 1098 1734 nomen
1125 1712 1147 1734 a
1174 1701 1291 1735 Keilio
1326 1707 1422 1735 recte
1459 1703 1553 1736 resti-

118 1767 235 1796 tutum
263 1767 335 1807 est3
360 1762 505 1797 tametsi
533 1762 638 1796 nimis
665 1761 766 1796 exilis
793 1761 849 1795 illa
875 1762 1036 1796 doctrina
1062 1762 1209 1795 videtur.

237 1823 340 1856 Prisc.
381 1832 461 1866 207,
505 1831 544 1865 17
581 1823 727 1856 »turbo«
770 1835 813 1854 1:
850 1822 953 1855 Char.
996 1831 1072 1864 144,
1109 1831 1155 1865 30
1189 1822 1341 1867 (»inquit
1375 1823 1554 1869 Puniusq,

122 1883 175 1917 Cf.
202 1884 309 1917 etiam
335 1883 433 1917 Serv.
461 1883 507 1916 ad
533 1883 624 1918 Aen.
646 1884 721 1926 183
743 1889 778 1915 et
796 1882 862 1915 VII
883 1884 963 1925 378,
992 1883 1050 1916 ubi
1078 1883 1173 1916 idem
1194 1882 1320 1916 Horati
1348 1884 1554 1927 exemplum

116 1949 225 1988 atque
252 1944 352 1988 apud
379 1943 599 1977 Priscianum
623 1943 761 1987 legitur.
1220 1988 1226 1993 Ο

240 2004 348 2038 Prisc.
370 2012 450 2043 212,
470 2014 494 2045 4
516 2004 647 2037 ›lacte‹
672 2017 714 2036 z
736 2003 841 2042 Char,
876 2011 951 2041 102.
979 2013 1012 2044 4,
1041 2014 1150 2047 quem
1176 2003 1294 2037 locum
1320 2015 1356 2048 p.
1378 2005 1424 2038 26
1441 2004 1555 2039 Plinio

120 2065 301 2100 vindicare
326 2064 444 2098 conati
470 2075 604 2100 sumus,
1027 2059 1029 2062 ¹

238 2126 344 2159 Prisc.
374 2125 455 2165 216,
497 2134 535 2168 13
575 2137 653 2170 sqq.
693 2125 852 2158 ›Arabs‹
883 2138 927 2157 z
956 2124 1059 2158 Char.
1095 2133 1170 2167 123,
1199 2127 1231 2160 8.
1258 2125 1400 2159 Praeter
1435 2137 1551 2159 exem-

118 2186 216 2232 plum
250 2186 495 2230 Vergilianum
528 2185 631 2219 Prisc.
661 2194 742 2229 217,
775 2192 790 2228 5
820 2197 863 2217 -;
892 2184 994 2219 Char.
1039 2193 1114 2228 123,
1142 2194 1165 2228 9
1197 2190 1234 2218 et
1266 2184 1416 2219 alterum
1450 2186 1552 2221 Prisc.

115 2256 196 2291 217,
226 2256 245 2290 7
275 2260 319 2280 z
347 2246 452 2283 Char.
485 2256 562 2290 123,
596 2247 637 2280 16
664 2245 831 2290 equidem
858 2246 969 2279 etiam
995 2256 1035 2279 ea
1064 2246 1195 2290 quibus
1223 2239 1376 2280 “›Titan‹
1409 2247 1553 2281 ›Aethi-

118 2320 206 2353 ops‹
240 2307 428 2352 ›elephas‹
458 2307 686 2341 inlustrantur
711 2307 822 2340 Plinio
841 2306 1032 2350 adsignare
1049 2306 1174 2345 ausim,
1203 2306 1321 2349 priora
1350 2306 1432 2341 ideo
1452 2308 1551 2354 quod

114 2380 135 2403 a
161 2369 291 2403 Plauto
318 2369 412 2412 (216.
446 2370 501 2413 14)
528 2374 563 2403 et
591 2368 727 2403 Lucilio
759 2368 853 2413 (217,
883 2368 917 2412 8)
951 2367 1140 2412 desumpta
1164 2372 1256 2407 sunt,
1286 2379 1308 2401 a
1334 2368 1462 2412 quibus
1490 2369 1555 2403 Pli-
1721 2398 1743 2416 ,ι

115 2430 203 2464 nius
231 2429 328 2473 apud
355 2428 459 2463 Char.
489 2429 523 2463 in
547 2440 638 2463 voce
666 2428 838 2462 ›Arabis‹
867 2428 1072 2462 testimonia
1098 2432 1278 2461 mutuatus
1302 2435 1365 2465 est.
1415 2422 1554 2464 Deinde
