1751 2750
835 184 882 218 29

147 291 858 338 totidem,vgm9[v.adn.·];hae
909 298 1029 337 post
1083 303 1189 326 eum
1242 290 1567 326 Simonidem

144 356 310 392 auctore,
350 356 390 385 ut
431 352 575 396 quidam
609 353 752 393 volunt,
787 353 855 386 Eu·
907 353 1158 391 melicum,
1195 364 1217 386 v
1242 356 1263 397 ξ
1288 364 1320 386 ω
1344 353 1373 385 θ
1399 377 1566 386 .........

108 456 111 457 ⁷
143 412 267 453 andro,
287 418 324 447 ut
342 412 409 450 alii.
430 413 581 448 Hercule
605 414 647 448 in
672 413 858 447 Italiam
908 413 950 447 in
976 413 1162 447 Latium
1188 424 1267 447 eas
1291 412 1565 447 attulerunt

145 484 167 507 a
197 473 421 516 Pelasgis
450 473 644 507 adlatae
676 479 815 507 sunt«.
909 473 1133 516 Pelasgi«.

261 571 346 606 Plini
372 577 492 605 autem
519 571 597 605 fons
623 571 668 605 de
693 571 778 605 XVI
801 571 908 605 literis
931 571 1104 615 primariis
1129 571 1243 604 Varro
1267 570 1375 604 fuisse
1409 571 1560 610 videtur,

143 625 250 678 quem
276 632 428 665 totidem
453 632 618 665 statuisse
644 642 664 664 e
695 621 868 674 Pompeio
893 630 940 664 K.
965 631 1009 665 V.
1030 631 1088 674 98,
1111 640 1152 674 23
1181 631 1441 674 cognoscimus.
1494 630 1565 675 Qui

143 697 265 727 tamen
290 692 391 726 Marii
416 697 452 726 et
475 691 622 726 Maximi
648 696 772 725 auctor
796 702 866 725 non
892 692 965 730 fuit.
994 691 1162 735 quoniam
1195 692 1392 725 secundum
1417 691 1523 727 Prisc.
1552 691 1566 724 1

146 753 178 792 8,
207 760 225 785 2
253 751 288 784 in
312 750 403 785 libro
429 741 460 784 11
485 750 530 784 de
555 750 766 795 antiquitate
790 751 970 785 literarum
996 750 1194 785 Chaldaeos
1221 762 1286 796 pro
1320 751 1566 785 inventoribus

144 811 254 847 abuit.
305 811 456 855 Reliqua
490 810 595 854 igitur
628 811 673 844 de
707 811 865 855 Assyriis
896 816 983 846 etcc.
1011 816 1047 845 et
1072 812 1263 855 praecipue
1290 810 1379 846 Gelli
1405 811 1562 845 testimo·

145 872 242 906 nium
269 870 401 905 Plinius
427 870 606 905 addidisse
639 871 819 916 putandus
851 876 915 911 est,
952 882 973 905 a
1004 882 1077 916 quo
1111 871 1156 904 ad
1190 871 1278 904 alios
1310 871 1564 915 grammaticos

143 936 388 977 pervenerunt.
439 931 566 976 Neque
592 943 637 965 ex
664 937 733 965 nat.
761 931 839 966 hist.
867 931 961 966 illam
987 932 1184 966 doctrinam
1216 943 1238 966 a
1271 931 1416 966 diversis
1448 942 1562 976 gram-

147 992 283 1026 maticis
310 992 459 1036 petitam
486 1003 564 1025 esse
589 992 693 1026 nobis
722 993 1026 1036 persuadebimus.
1345 982 1348 985 ⁴

259 1063 328 1097 Alii
356 1049 465 1096 etiam
489 1064 680 1107 scriptores
706 1070 797 1102 sunt,
824 1064 885 1107 qui
911 1075 932 1097 a
948 1064 1114 1097 Romano
1140 1064 1333 1108 praecipue
1358 1068 1395 1097 et
1411 1068 1568 1108 praeter-

146 1135 188 1157 ea
223 1135 244 1157 a
276 1122 454 1156 Diomede
486 1122 673 1156 laudentur
701 1134 926 1167 quorumque
960 1123 1042 1157 alibi
1075 1123 1275 1157 rarissimae
1310 1128 1452 1157 exstent
1486 1134 1567 1157 con-

143 1183 428 1223 memorationes.
480 1182 662 1226 Reliquiae
685 1188 806 1216 autem
833 1194 955 1216 eorum
981 1194 1072 1226 quae
1104 1183 1200 1227 apud
1236 1183 1313 1216 illos
1347 1188 1481 1217 restant
1519 1183 1568 1216 ita

143 1248 359 1287 conparatae
383 1248 474 1283 sunt,
502 1247 541 1276 ut
567 1254 637 1276 non
663 1243 709 1276 ab
736 1243 820 1287 ipsis
845 1243 1076 1287 scriptoribus
1110 1254 1171 1277 eas
1197 1244 1415 1287 desumptas,
1449 1243 1512 1276 sed
1548 1254 1568 1277 e

142 1303 262 1338 medio
287 1297 531 1348 aliquo'fonte
564 1303 736 1337 delibatas
768 1314 847 1338 esse
880 1303 1061 1348 adpareat.
1122 1304 1179 1338 Ex
1212 1303 1344 1347 quibus
1381 1314 1442 1337 eas
1476 1313 1566 1347 quas

141 1363 252 1398 Plinio
279 1364 399 1398 deberi
426 1365 534 1398 credo
560 1365 592 1397 in
620 1364 850 1408 sequentibus
867 1364 1029 1397 tractabo
1046 1364 1219 1398 nonnullis
1238 1364 1291 1397 de
1315 1363 1400 1397 Dio
1414 1364 1513 1397 med
1530 1363 1568 1396 is

145 1424 361 1458 fontibus
387 1413 603 1469 praemissis.

261 1497 391 1530 Nostra
416 1508 458 1530 ea
481 1496 557 1530 sola
582 1508 602 1530 e
628 1496 814 1530 Diomedis
839 1501 915 1529 arte
941 1497 1087 1530 interest
1120 1501 1286 1535 tractare,
1313 1507 1405 1540 quae
1437 1496 1472 1529 in
1507 1507 1565 1529 ex-

143 1557 331 1602 plicatione
357 1550 548 1590 verborum
575 1557 620 1590 de
645 1561 804 1590 veterum
832 1567 895 1590 usu
921 1556 1110 1590 traduntur
1133 1556 1178 1601 (p.
1209 1553 1290 1600 364,
1319 1565 1343 1600 9
1369 1567 1460 1601 sqq„
1481 1557 1561 1598 381,

146 1627 192 1653 20
217 1620 315 1663 sqq.).
365 1618 422 1652 Ex
449 1618 577 1662 quibus
603 1617 770 1663 pleraque
797 1618 831 1651 in
857 1617 1024 1651 Prisciani
1058 1617 1321 1651 institutionum
1355 1617 1375 1651 1.
1412 1617 1495 1651 VIII
1530 1623 1566 1651 et

142 1690 240 1723 seqq.
269 1679 317 1712 ita
351 1679 501 1723 repetita
534 1679 706 1717 videmus,
743 1683 781 1711 ut
810 1677 904 1711 hunc
936 1677 1032 1711 nulla
1064 1678 1201 1711 ratione
1236 1688 1258 1711 a
1290 1677 1467 1711 Diomede
1501 1688 1565 1710 sua

143 1739 392 1784 desumpsisse,
420 1739 483 1773 sed
510 1739 678 1772 conmuni
705 1749 784 1772 cum
811 1737 869 1772 illo
897 1738 995 1772 sonte
1021 1749 1123 1772 usum
1152 1749 1235 1772 esse·
1264 1738 1420 1772 iudicare
1457 1749 1561 1782 coga-

142 1810 230 1833 mur.
283 1798 392 1843 Quod
417 1804 501 1843 post
525 1799 793 1833 Lachmannum
820 1798 900 1832 Keil
926 1799 961 1831 in
986 1798 1093 1842 praef.
1131 1809 1182 1842 gr.
1219 1799 1259 1833 L.
1286 1798 1300 1832 1
1336 1810 1370 1843 p.
1399 1798 1462 1832 LII
1488 1799 1561 1833 iure

142 1860 342 1903 meritoque
366 1859 529 1893 obtinuit.
568 1859 620 1893 At
646 1860 741 1893 idem
768 1859 848 1893 Keil
866 1870 911 1893 eo
928 1859 1110 1904 processit,
1143 1864 1182 1892 ut
1206 1859 1422 1894 Diomedem
1441 1859 1561 1893 omnia

142 1920 197 1954 illa
222 1920 268 1954 ab
294 1920 372 1964 ipso
397 1920 524 1958 Probo,
552 1921 612 1964 qui
639 1920 693 1953 bis
719 1919 918 1964 adpellatur
942 1921 988 1964 (p.
1017 1921 1098 1963 364,
1128 1930 1182 1963 30.
1213 1920 1293 1963 365,
1327 1912 1401 1965 10)³‚'
1428 1925 1561 1953 mutua-

140 1985 216 2014 tum
243 1991 320 2014 esse
338 1985 517 2018 statueret,
546 1990 589 2014 eo
606 1980 712 2014 etiam
739 1980 853 2020 nixus,
872 1980 969 2024 quod
995 1980 1030 2014 in
1047 1980 1212 2014 Prisciani
1237 1980 1397 2025 partibus
1421 1991 1561 2025 respon-

142 2041 306 2075 dentibus
324 2052 592 2087 nonnumquam
617 2040 671 2075 ille
689 2041 724 2075 in
741 2041 985 2075 testimonium
1002 2047 1159 2076 vocatur.
1200 2041 1319 2086 Quam
1336 2042 1558 2081 sententiam,

143 2112 224 2134 cum
251 2102 320 2134 iam
345 2101 463 2135 Christ
489 2101 623 2146 (philol.
651 2101 768 2135 XVIII
804 2113 838 2146 p.
881 2103 961 2146 129)
996 2102 1195 2136 dubitasset
1224 2112 1308 2135 num
1342 2101 1417 2145 ipse
1450 2101 1559 2135 Probi

141 2161 229 2196 liber
255 2161 423 2196 Diomedi
448 2173 535 2207 prae
559 2162 724 2197 manibus
748 2162 882 2202 fuisset,
909 2161 1022 2206 Steup
1053 2163 1119 2196 ›de
1143 2162 1285 2196 Probis‹
1315 2173 1349 2206 p.
1386 2171 1453 2205 190
1487 2173 1564 2207 sqq.

142 2222 306 2256 disertius
334 2222 565 2266 oppugnavit.
618 2222 665 2256 Et
698 2222 986 2256 Priscianum
1020 2223 1165 2267 quidem
1198 2222 1371 2256 Probiana
1405 2234 1425 2256 e
1457 2221 1563 2267 Capri

143 2282 298 2316 maxime
323 2282 417 2316 libris
444 2282 683 2328 desumpsisse
705 2282 786 2317 Keil
810 2294 861 2328 gr.
880 2283 920 2318 L.
945 2283 995 2317 IV
1020 2294 1054 2328 p.
1074 2283 1191 2317 XVIII
1209 2283 1393 2325 concessit.
1445 2281 1562 2328 Caper

143 2342 236 2376 enim
263 2354 345 2376 cum
370 2343 452 2376 alibi
478 2349 554 2377 tum
579 2355 612 2388 p.
649 2352 759 2387 490,9
792 2354 861 2377 una
894 2355 975 2377 cum
1009 2344 1127 2378 Probo
1163 2344 1336 2384 laudatur,
1371 2344 1430 2388 qui
1463 2343 1564 2378 locus

142 2403 250 2437 etiam
276 2403 372 2448 apud
411 2403 625 2438 Diomedem
666 2411 792 2449 375,25
829 2404 910 2439 licet
941 2409 1136 2448 conruptus
1171 2425 1217 2430 —
1247 2416 1279 2440 v.
1314 2404 1404 2440 Keili
1439 2405 1561 2440 adnot.
