1751 2750
817 149 862 184 37

131 258 305 297 rationem
339 257 374 290 in
408 257 795 291 institutionibus
834 258 1152 301 grammaticis
1190 258 1465 296 conscribendis,
1506 257 1554 290 ab

131 320 210 363 ipso
235 317 432 351 audiamus.
486 317 582 351 Dicit
607 318 700 351 enim
726 318 762 350 in
787 319 897 351 totius
931 319 1015 352 artis
1049 318 1269 363 praefatione
1299 318 1346 352 ad
1378 318 1555 351 Iulianum

133 378 312 424 cpnsulem
339 379 434 419 data,
464 383 603 423 praeter
623 383 785 413 auctores
802 377 970 417 Graecos.
991 390 1011 413 e
1029 380 1157 424 quibus
1189 380 1348 415 nominat
1365 378 1552 424 Apolloni-

134 451 195 474 um
220 445 257 474 et
281 439 539 478 Herodianum,
582 439 687 473 etiam
724 439 872 472 Latinos
904 451 925 472 a
961 451 1000 472 se
1034 451 1111 474 esse
1145 440 1336 479 adhibitos,
1369 451 1391 473 a
1424 440 1556 484 quibus

133 510 380 545 quaecumque
398 499 598 549 necessaria
615 499 682 533 sibi
705 499 780 533 visa
798 505 916 533 essent
930 500 1147 544 'conlegisset
1163 500 1190 545 (I
1208 512 1242 545 p.
1273 509 1303 540 2,
1335 501 1377 545 5).
1430 499 1554 544 Atque

133 571 211 595 sese
250 561 365 604 ipsum
404 560 601 593 admodum
635 570 750 602 pauca
785 560 964 593 addidisse
990 560 1024 593 in
1047 560 1267 603 praefatione
1293 561 1371 594 libri
1397 560 1448 593 VI
1474 571 1552 604 pro—

131 619 259 660 fitetur,
287 630 370 653 cum
396 619 492 668 dicat
517 619 544 664 (Ι
574 628 651 663 194,
680 620 731 665 8):
763 619 885 653 »Nunc
911 619 956 653 de
986 619 1203 654 nominativo
1234 630 1271 655 et
1295 620 1462 665 genetivo
1488 620 1553 654 sin—

134 680 260 724 gulari
280 701 309 705 —
344 701 391 705 —-
416 680 585 725 pleraque
605 681 750 724 quidem
769 690 791 713 a
809 680 1021 713 doctissimis
1046 680 1139 719 viris,
1159 681 1353 724 paucula
1370 685 1492 713 tamen
1518 685 1554 713 et

132 751 153 774 a
179 750 237 773 me
263 750 328 784 pro
354 739 487 784 ingenii
512 740 756 773 mediocritate
783 740 926 773 inventa
951 749 1164 784 exponam«.
1218 739 1354 773 Similia
1387 739 1554 783 leguntur

132 801 232 835 initio
258 800 336 834 libri
360 800 461 834 XVII
488 800 572 844 (vol.
600 800 631 834 II
663 802 758 846 107):
789 800 989 844 »Quoniam
1016 800 1051 834 in
1078 806 1159 834 ante
1186 800 1358 844 expositis
1384 800 1480 834 libris
1507 800 1552 833 de

132 860 292 905 partibus
318 860 489 894 orationis
516 861 550 893 in
574 861 752 905 plerisque
777 860 961 905 Apollonii
999 861 1245 894 auctoritatem
1282 871 1404 893 sumus
1429 860 1552 899 secuti,

131 921 280 955 aliorum
310 931 454 965 quoque
487 921 561 954 sive
595 927 796 956 nostrorum
828 920 1147 956 sive-Graecorum
1175 931 1243 954 non
1280 920 1554 954 intermittentes

132 982 328 1015 necessaria
355 987 390 1015 et
415 981 444 1014 si
471 982 557 1026 quid
587 982 654 1026 ipsi
680 992 823 1026 quoque
849 982 933 1016 novi
970 982 1192 1026 potuerimus
1225 982 1377 1015 addere«
1406 992 1436 1014 e.
1465 992 1499 1026 q.
1526 992 1553 1017 s·

135 1041 243 1086 Quod
282 1054 404 1076 verum
437 1054 515 1076 esse
550 1043 659 1076 totius
692 1043 769 1077 libri
804 1043 921 1076 indo'le
956 1042 1164 1077 ostenditur.
1227 1042 1258 1075 E
1295 1041 1429 1075 Latinis
1467 1052 1554 1075 vero

132 1102 259 1136 nullius
285 1113 368 1136 eum
394 1103 507 1147 copiis
532 1104 674 1148 saepius
701 1109 737 1137 et
763 1104 906 1137 uberius
932 1113 1035 1136 usum
1062 1113 1140 1136 esse
1168 1113 1277 1146 quam
1305 1101 1420 1147 Capri,
1455 1102 1555 1135 cuius

130 1168 227 1197 totos
253 1163 325 1197 fere
350 1163 457 1197 libros
481 1165 678 1208 exscripsit,
704 1165 873 1208 deinceps
898 1164 1108 1197 videbimus.

599 1274 664 1314 De
692 1274 831 1326 Capro
859 1280 904 1314 et
934 1274 1086 1313 Plinio.

247 1368 353 1415 Capri
387 1372 521 1405 mentio
555 1372 595 1405 fit
627 1372 762 1406 XXVII
795 1372 890 1412 locis,
924 1381 1076 1416 quorum
1111 1370 1286 1404 nonnullis
1318 1369 1476 1414 legentes
1509 1368 1555 1402 ad

131 1429 222 1463 illius
240 1430 349 1464 libros
367 1432 568 1476 relegantur
583 1433 827 1477 indicaturque
843 1432 939 1466 haud
966 1433 1014 1465 ita
1038 1442 1152 1475 pauca
1169 1432 1252 1465 inde
1268 1442 1345 1465 esse
1366 1431 1554 1474 depromp-

130 1494 178 1529 ta,
211 1490 308 1525 velut
333 1503 367 1536 p.
400 1500 475 1535 171,
522 1493 617 1538 14¹):
660 1492 827 1537 ‚Supra
861 1492 1087 1525 dictorum
1126 1497 1279 1525 tamen
1322 1489 1556 1524 nominum

133 1561 215 1584 usus
243 1557 278 1585 et
303 1552 400 1597 apud
426 1552 580 1598 Captum
607 1559 643 1588 et
669 1554 765 1599 apud
791 1553 946 1587 Probum
971 1552 1016 1587 de
1036 1552 1153 1586 dubiis
1166 1551 1362 1596 ‘generibus
1380 1550 1550 1590 invenis«,

134 1623 169 1656 p.
197 1621 278 1652 212,
310 1621 344 1656 5:
377 1619 489 1648 »teste
515 1614 644 1659 Capro,
682 1615 779 1658 apud
812 1624 919 1658 quem
953 1613 1157 1656 exempla
1191 1612 1363 1652 invenis«,
1399 1622 1434 1654 p.
1471 1619 1554 1654 390,

133 1672 196 1708 26:
219 1673 480 1708 »Vetustissimi
498 1680 617 1709 autem
637 1675 780 1709 multa
804 1675 866 1708 sic
890 1674 1112 1720 protulerunt
1137 1672 1285 1707 confusa
1301 1672 1552 1706 terminatione

132 1737 223 1767 teste
249 1733 402 1779 Capro«,
430 1747 465 1780 p.
495 1746 575 1780 393.
602 1746 645 1780 9:
677 1736 771 1771 »Sed
790 1742 824 1769 et
842 1747 966 1770 eorum
984 1741 1020 1769 et
1038 1735 1327 1780 superiorum
1353 1733 1553 1767 omnium

133 1805 216 1828 usus
241 1800 315 1828 tam
342 1796 440 1840 apud
474 1796 629 1842 Caprum
664 1808 772 1842 quam
807 1797 957 1838 Plinium
992 1802 1028 1830 et
1061 1795 1217 1829 Probum
1252 1794 1442 1829 invenies«.
1495 1793 1551 1826 De

133 1855 182 1889 eis
220 1867 305 1890 vero
342 1868 434 1901 quae
469 1856 587 1901 Capro
621 1859 798 1893 debentur
832 1864 1023 1903 propterea
1062 1857 1128 1891 erit
1166 1855 1276 1890 fusius
1315 1854 1551 1892 tractandum.

132 1917 230 1959 quod
255 1916 313 1950 hic
338 1917 425 1950 Plini
451 1919 608 1951 maxime
635 1924 671 1952 et
697 1918 801 1952 Probi
827 1918 985 1962 vestigiis
1011 1916 1176 1950 instabat.
1227 1916 1283 1948 De
1316 1914 1423 1957 Capri
1457 1914 1553 1947 libris

132 1980 215 2021 post
240 1975 474 2012 Osannum
503 1979 568 2014 »de
593 1978 711 2025 Capro
737 1983 773 2013 et
799 1978 1001 2024 Agroecio«
1032 1975 1158 2021 Gissae
1190 1977 1280 2020 1849
1305 1981 1340 2010 et
1367 1974 1552 2010 Christi-

133 2047 200 2070 um
226 2038 260 2071 in
286 2038 403 2083 philol.
431 2039 548 2073 XVIII
582 2051 616 2083 p.
657 2041 720 2082 165
749 2051 826 2084 sqq.
862 2040 907 2073 de
943 2039 1032 2073 illius
1062 2038 1153 2071 libro
1187 2038 1451 2071 existimantem
1486 2036 1552 2068 dis—

131 2101 349 2141 putaverunt
373 2098 602 2134 Kirchner
631 2100 696 2134 »de
723 2099 824 2135 Servi
850 2099 1054 2134 auctoribus
1081 2097 1345 2143 grammaticis«
1377 2096 1410 2130 in
1436 2095 1560 2132 annal.-

131 2157 250 2202 philol.
276 2160 390 2204 suppl.
419 2160 501 2195 VIII
527 2173 561 2205 p.
593 2170 661 2204 514
677 2173 755 2206 sqq.
783 2167 819 2196 et
844 2161 948 2195 Keil
974 2172 1027 2204 gr.
1053 2160 1095 2195 L.
1119 2159 1185 2192 VII
1211 2170 1245 2203 p.
1266 2160 1312 2192 88
1329 2169 1406 2201 sqq.
1435 2156 1553 2191 Christ

130 2215 227 2253 recte
253 2220 417 2254 statuisse
442 2221 581 2255 videtur
604 2222 695 2255 duos
721 2226 860 2255 tantum
884 2221 992 2254 libros
1017 2231 1036 2254 a
1062 2219 1178 2264 Capro
1215 2229 1292 2252 esse
1318 2217 1550 2259 conscriptos

132 2279 280 2314 alterum
309 2282 375 2316 »de
400 2281 611 2318 Latinitate«
638 2294 665 2317 s.
689 2284 754 2316 ›de
772 2282 893 2327 lingua
910 2281 1058 2316 Latina«
1081 2293 1108 2316 s.
1132 2279 1324 2314 ‚enucleati
1342 2278 1550 2317 sermonis«,

107 2339 281 2394 *alterum
311 2343 377 2376 »de
402 2343 518 2378 dubiis
543 2344 766 2387 generibus«,
801 2353 908 2387 quem
943 2342 1139 2376 Priscianus
1174 2340 1295 2374 laudat
1326 2350 1360 2382 p.
1397 2348 1478 2378 212,
1511 2347 1550 2381 15

255 2440 272 2478 ')
296 2441 350 2468 Ubi
370 2443 516 2470 voluminis
536 2452 681 2470 numerum
702 2451 757 2469 non
780 2442 862 2474 addo,
884 2450 991 2476 semper
1011 2430 1129 2475 primum
1150 2439 1325 2473 intellegitur.
