1751 2750
844 151 946 198 48,

532 267 598 307 De
627 268 945 309 institutionum
975 268 1087 308 libro
1116 258 1204 309 Vll.¹

276 371 517 406 Transeamus
548 372 595 406 ad
619 372 686 406 VII
721 372 869 413 librum,
902 373 936 406 in
969 383 1042 418 quo
1072 382 1186 416 aeque
1217 377 1326 417 atque
1353 372 1388 405 in
1413 372 1449 406 V
1473 377 1508 406 et
1534 371 1584 405 VI

160 432 320 475 inprimis
353 431 459 477 Capri
493 432 571 466 libri
602 443 754 476 magnas
788 433 912 477 copias
943 433 1226 477 suppeditarunt.
1290 432 1409 475 Quem
1446 431 1585 466 etiamsi

160 492 271 526 semel
309 497 448 527 tantum
488 492 701 527 nominatim
738 492 895 527 adlatum
935 493 1133 527 invenimus
1170 491 1217 537 (p.
1255 500 1342 534 322,
1371 493 1424 538 2),
1464 497 1585 526 tamen

161 553 339 587 maximae
365 554 477 598 partis
504 558 685 587 auctorem
713 552 818 587 fuisse
850 559 927 587 tum
961 553 1116 588 maxime
1141 551 1370 587 manifestum
1396 552 1454 592 fit,
1488 553 1517 586 si
1544 563 1588 586 ea

162 624 254 657 quae
289 623 371 648 cum
406 614 439 648 V
473 619 509 647 et
544 613 593 647 VI
627 613 718 663 libro
750 614 942 648 concinunt
973 613 1252 649 consideramus,
1304 613 1360 647 De
1386 612 1515 657 quibus
1540 623 1586 646 ex

160 673 211 706 eis
246 684 340 718 quae
371 683 479 716 supra
512 673 663 716 exposui
695 673 747 707 ita
778 661 1008 708 statuendum
1042 678 1114 707 est:
1154 683 1402 718 quaecumque
1436 683 1517 707 cum
1553 672 1587 705 V

160 732 251 766 libro
285 739 504 777 congruant,
531 745 551 767 e
578 734 667 767 libro
694 734 739 767 de
773 734 892 767 dubiis
922 732 1122 778 generibus
1151 742 1399 779 quaecumque
1425 742 1507 766 cum
1533 732 1583 766 VI

160 793 375 838 conspirent,
402 800 462 829 aut
488 806 532 829 ex
558 794 616 829 illo
642 800 704 831 aut
728 806 748 829 e
775 794 865 829 libro
891 795 936 829 de
962 794 1155 829 Latinitate
1181 804 1423 839 promanasse.

277 854 392 900 Ipsius
409 854 580 889 Prisciani
597 855 803 890 testimonio
822 855 941 899 Capro
960 855 1082 889 deberi
1100 860 1297 899 arguuntur
1319 866 1352 899 p.
1372 862 1455 898 337,
1467 863 1492 897 9
1505 863 1583 898 sqq.

160 926 253 961 quae
288 915 333 962 de
366 915 583 962 populorum
618 916 821 952 nominibus
856 928 894 950 as
925 915 981 949 vel
1007 916 1092 955 atis,
1134 915 1163 949 is
1197 915 1254 949 vel
1286 915 1342 949 itis
1367 920 1404 949 et
1429 913 1588 948 similiter

159 975 356 1009 terminatis
381 975 557 1019 leguntur,
585 977 719 1020 quippe
743 988 835 1021 quae
861 987 942 1010 cum
969 988 1001 1020 p.
1028 985 1105 1018 129,
1127 984 1146 1019 7
1173 981 1209 1009 et
1233 985 1310 1018 134,
1331 984 1361 1014 2,
1391 974 1450 1008 ubi
1469 973 1587 1018 Caper

159 1035 260 1068 testis
286 1034 461 1075 adfertur,
489 1036 718 1080 conparanda
751 1036 830 1069 sint.
880 1036 934 1069 Ea
959 1046 1044 1069 vero
1071 1046 1162 1081 quae
1188 1046 1268 1069 cum
1296 1035 1330 1068 V
1356 1039 1392 1068 et
1417 1034 1468 1068 VI
1493 1033 1585 1068 libro

161 1102 364 1129 consonant
387 1102 470 1130 sunt
493 1097 603 1132 haec:

277 1179 311 1212 p.
336 1169 417 1210 283,
447 1177 466 1201 2
494 1169 539 1202 de
565 1168 876 1203 terminationibus
902 1185 961 1201 z
987 1168 1036 1202 VI
1068 1176 1145 1212 195,
1180 1177 1217 1201 11

348 1249 395 1254 —-
427 1238 465 1273 13
494 1229 606 1275 Aepy
631 1248 689 1261 z
714 1230 764 1263 VI
796 1237 873 1274 195,
907 1239 947 1274 17
975 1229 1138 1276 (Statius)

349 1310 395 1314 —
428 1290 470 1324 16
497 1291 542 1324 de
567 1290 879 1325 terminationibus
903 1291 938 1325 V
968 1299 1045 1332 142,
1078 1299 1119 1333 19

338 1350 418 1389 286,
451 1357 466 1392 5
497 1349 602 1384 Sosia
633 1351 758 1395 Byrria
784 1350 945 1386 Chaerea
971 1350 1041 1443 {V
1071 1359 1147 1393 143,
1175 1359 1199 1393 9

708 1411 850 1456 Marsya
873 1417 942 1446 etc.
992 1411 1042 1445 VI
1065 1419 1196 1450 202,12

339 1472 418 1513 287,
448 1480 466 1513 3
495 1470 596 1504 Italia
621 1470 738 1514 Lydia
764 1471 926 1515 Phrygia
954 1470 1058 1515 Syria
1083 1470 1134 1504 VI
1159 1478 1240 1508 202,
1273 1478 1313 1513 17

306 1522 308 1525 ¹
350 1550 395 1557 —
429 1539 468 1565 12
496 1531 541 1564 de
568 1531 723 1565 adcentu
751 1531 801 1565 VI
828 1541 909 1571 202,
943 1534 985 1567 18
1012 1530 1175 1576 (Statius)

340 1600 470 1634 29o,12
499 1591 544 1625 de
569 1591 676 1626 ablat.
705 1592 719 1626 1
746 1593 781 1626 in
808 1602 827 1629 ε»,
853 1592 904 1626 VI
932 1593 1012 1634 248,
1045 1601 1082 1626 11

504 1639 645 1686 Achate
671 1653 722 1687 v1
749 1654 830 1695 248,
863 1662 903 1687 12
930 1652 1131 1697 (Vergilius)

505 1712 672 1746 Arachne
697 1713 747 1746 VI
776 1714 856 1755 248,
891 1722 934 1755 14
958 1711 1162 1758 (Iuvenalis)

338 1780 419 1816 295,
449 1782 467 1816 3
498 1772 654 1807 Hiberus
681 1773 730 1807 V1
759 1782 839 1817 234,
873 1783 884 1806 1
924 1773 1119 1819 (Lucanus)

354 1853 398 1859 ’-
430 1841 469 1876 ¹5
497 1834 699 1932 &13:333
726 1864 776 1898 VI
804 1872 885 1909 273,
919 1873 930 1897 1
963 1864 1166 1910 (Horatius)

340 1956 470 1997 300,18
497 1955 657 1989 Teucrus
680 1955 870 1989 Euandrus
895 1955 945 1989 VI
975 1963 1055 1993 224,
1087 1956 1128 1987 18
1155 1953 1359 1998 (Vergilius)

340 2023 424 2062 30¹1,
452 2023 471 2049 2
500 2025 630 2059 puerus
654 2015 705 2050 VI
733 2023 813 2058 231,
846 2023 886 2058 13

339 2083 466 2118 303‚21
497 2076 586 2109 alius
610 2077 660 2109 VI
689 2076 769 2116 226,
801 2085 857 2118 23.
887 2075 968 2114 266,
1000 2084 1040 2118 17
1066 2074 1222 2119 (Caesar,
1250 2074 1410 2118 Caelius)

341 2136 474 2178 316,16
500 2136 600 2169 miles
625 2136 659 2169 V
689 2136 766 2178 156,
799 2142 838 2178 15
866 2125 1043 2179 (Ovidius)

388 2216 435 2221 —
498 2196 643 2241 hospita
743 2216 789 2220 —
866 2195 1057 2241 (Lucanus,
1084 2195 1275 2242 Vergilius)

387 2277 434 2283 -—
497 2257 637 2301 sospita
741 2277 788 2282 --
864 2256 1041 2302 (Ovidius)

263 2316 320 2363 (cs.
348 2317 452 2352 Prisc.
482 2327 562 2361 342,
595 2318 647 2358 16,
675 2317 779 2352 Char.
811 2327 887 2358 100,
917 2327 972 2358 20,
999 2318 1097 2354 Serv.
1124 2318 1170 2352 ad
1196 2318 1285 2352 Aen.
1313 2317 1360 2351 111
1390 2318 1473 2361 539)

341 2387 473 2423 317,20
500 2379 584 2413 Aris
609 2379 747 2425 delphis
775 2379 824 2413 VI
853 2388 933 2422 219,
962 2381 982 2413 8
1009 2378 1149 2425 (Cicero
1175 2390 1241 2424 pro
1268 2377 1419 2420 Scauro)

342 2447 467 2482 319,11
501 2439 602 2483 glans
629 2439 679 2474 v1
706 2441 787 2480 281,
822 2447 860 2482 15
888 2439 1063 2484 (Ovidius,
1089 2439 1288 2485 Lucretius)

1707 2633 1751 2750 ngjssm
1743 2623 1747 2627 .
