1751 2750
144 256 312 291 habuisse
339 263 374 291 et
400 258 538 302 singula
564 258 739 303 ampliora
763 258 987 297 exhibuisse,
1023 269 1043 290 e
1068 257 1198 301 quibus
1220 257 1319 290 varia
1344 258 1392 290 ab
1417 261 1606 301 utroque,

145 318 321 362 scriptore
348 318 461 352 electa
487 318 566 353 sint.
618 318 745 362 Neque
771 329 841 361 ego
870 318 996 352 dubito
1022 318 1108 362 quin
1147 329 1177 353 c,
1204 317 1274 352 XV
1298 318 1485 362 conplures
1512 317 1575 351 ob-

144 379 364 413 servationes
389 384 424 412 et
451 389 480 414 c.
508 379 624 418 XVII,
664 378 769 422 quale
795 379 940 423 quidem
967 389 1059 412 nunc
1084 383 1211 418 exstet,
1238 389 1258 411 e
1282 378 1450 411 conmuni
1474 376 1575 412 fonte
1620 376 1625 380 ’

145 438 320 475 fluxerint.
374 439 445 474 Sed
472 440 624 473 Romani
660 440 705 473 de
736 439 904 483 analogia
940 440 1066 474 librum
1103 439 1238 473 fontem
1265 450 1337 473 non
1363 438 1470 472 fuisse
1495 443 1571 473 turn

145 499 291 533 demum
318 500 467 533 concedi
492 503 625 544 posset,
652 500 680 533 si
708 511 738 534 c.
766 500 866 532 XVII
893 500 996 543 quale
1021 501 1116 543 apud
1135 500 1333 534 Charisium
1360 504 1478 533 exstet
1504 500 1573 534 tale

145 570 168 593 a
185 560 350 594 Romano
376 560 547 605 scriptum
574 571 652 593 esse
678 564 868 595 constaret.
916 560 966 594 At
993 560 1084 594 hanc
1111 561 1318 605 opinionem
1344 560 1466 594 falsam
1495 571 1574 594 esse

143 610 262 663 neque
286 621 440 654 Romani
467 625 657 654 tractatum
683 631 765 654 cum
791 632 820 655 c.
848 620 949 653 XVII
982 620 1151 655 confundi
1186 626 1352 664 oportere
1377 631 1574 664 coarguere

144 680 322 716 conabor:
358 680 457 725 quod
491 680 520 714 si
552 680 781 725 probabitur,
818 680 888 714 iarn
921 679 1162 714 firmissimum
1198 680 1471 715 fundamentum
1497 680 1572 715 eius
1622 693 1625 695 “

145 741 356 785 suspicionis
382 752 489 785 quam
515 741 703 774 Morawski
736 740 928 774 defendere
960 742 1081 774 studet
1104 740 1341 774 subtrahetur.

266 801 495 845 Quamquam
515 800 693 834 Charisius
719 800 889 845 pleraque
906 802 952 835 ad
977 801 1125 834 verbum
1152 800 1373 839 transcripsit
1399 805 1435 833 et
1460 811 1505 834 ne
1530 811 1573 834 ea

147 862 290 906 quidem
319 862 484 901 mutavit,
502 862 562 895 ubi
581 862 764 895 Romanus
782 862 850 895 alia
875 873 919 895 ex
945 862 1018 895 suis
1044 862 1183 905 scriptis
1212 861 1427 900 laudaverat,
1455 866 1576 894 tamen

146 921 314 955 nonnulla
341 931 423 955 eum
449 921 505 955 vel
523 921 685 955 omisisse
707 921 762 954 vel
781 921 998 955 contraxisse
1016 932 1097 955 curn
1116 922 1278 954 conicere
1296 920 1376 954 licet
1402 932 1448 954 ex
1472 920 1576 954 huius

146 982 273 1027 capitis
311 982 519 1016 conditione
555 988 633 1016 tum
670 982 905 1016 demonstrari
948 987 1077 1027 potest.
1143 983 1199 1016 Ac
1237 982 1392 1028 primum
1429 982 1574 1027 quidem

147 1042 258 1076 multa
292 1042 438 1076 confusa
472 1047 508 1076 et
540 1042 693 1076 difficilia
720 1054 791 1076 non
825 1044 991 1076 Romano
1026 1043 1272 1087 diligentiori„
1295 1048 1335 1076 ut
1361 1043 1572 1082 videbimus,

147 1103 392 1147 grammatico,
420 1103 483 1136 sed
501 1102 638 1137 Charisi
665 1103 911 1147 neglegentiae
939 1108 974 1137 et
1000 1103 1159 1138 inscitiae
1185 1103 1272 1138 vitio
1300 1114 1378 1137 esse
1404 1103 1576 1137 vertenda

148 1164 182 1197 in
209 1163 401 1208 propatulo
428 1175 506 1197 esse
533 1169 642 1208 puto:
683 1164 717 1197 in
744 1164 874 1207 quibus
899 1176 927 1197 e.
958 1175 993 1208 g.
1022 1175 1114 1207 quae
1140 1176 1174 1208 p.
1209 1173 1285 1204 120,
1320 1174 1359 1207 17
1386 1176 1413 1197 s.
1449 1176 1472 1197 v
1499 1175 1574 1198 ›ae-

149 1224 238 1257 dile‹
275 1223 399 1257 mutila
432 1223 598 1268 leguntur
632 1229 667 1258 et
706 1224 894 1258 nonnullae
932 1224 1020 1258 aliae
1054 1225 1098 1258 de
1137 1224 1205 1258 abl.
1241 1235 1292 1268 sg.
1332 1224 1379 1257 111
1418 1224 1577 1268 regulaess

147 1284 288 1318 Deinde
316 1295 348 1327 p.
384 1292 460 1327 145,
489 1293 529 1317 21
561 1284 728 1318 nonnulla
753 1285 884 1318 omissa
910 1285 1089 1324 videntur,
1125 1285 1216 1328 quia,
1246 1285 1407 1328 quamvis
1437 1284 1578 1328 »Caper

147 1345 220 1378 his
246 1356 373 1378 exem
388 1344 477 1389 plis
504 1345 630 1378 docet«
652 1345 851 1385 antecedat,
879 1356 988 1378 unum
1006 1351 1125 1379 tamen
1142 1344 1257 1378 solum
1275 1345 1442 1388 sequitur.
1481 1344 1575 1379 Tum

149 1417 184 1450 p.
217 1414 293 1447 124,
316 1406 361 1439 26
386 1406 432 1439 ad
458 1417 479 1438 a
505 1405 644 1439 literam
671 1405 869 1449 relegamur
895 1406 940 1439 de
967 1406 1077 1440 verbo
1108 1405 1303 1444 »celebre«,
1331 1406 1429 1449 quod
1455 1410 1577 1439 tamen

148 1477 176 1500 s.
203 1477 236 1501 v,
267 1465 421 1499 ›alacer‹
459 1474 534 1505 122,
569 1475 579 1498 1
611 1477 682 1499 non
709 1465 852 1508 legitur;
889 1471 924 1499 et
950 1465 1116 1498 nonnulla
1141 1466 1210 1498 hoc
1235 1465 1316 1498 loco
1341 1466 1474 1498 omissa
1500 1476 1577 1498 esse

151 1525 256 1559 etiam
292 1536 338 1559 ex
372 1525 603 1570 sequentibus
640 1525 757 1559 verbis
794 1537 860 1559 ›ex
887 1526 1016 1569 quibus
1048 1526 1076 1559 si
1103 1537 1174 1570 qua
1198 1524 1313 1559 solent
1340 1525 1382 1559 in
1409 1536 1510 1559 nom
1527 1536 1577 1559 en

150 1586 354 1620 hominis
381 1586 606 1620 transire«
637 1585 863 1619 manifestum
889 1585 936 1619 fit.
980 1586 1069 1619 Aliis
1088 1597 1232 1630 quoque
1250 1586 1337 1619 locis
1355 1606 1387 1611 ——
1419 1597 1440 1619 a
1457 1585 1576 1619 Chari-

150 1647 205 1679 sio
239 1647 405 1679 nimirum
441 1667 481 1671 --
519 1646 684 1690 exempla
716 1657 793 1679 esse
829 1647 958 1679 omissa
996 1647 1189 1686 cernimus,
1226 1646 1323 1679 velut
1358 1658 1390 1690 p.
1426 1655 1502 1688 123,
1536 1655 1572 1679 11

152 1707 358 1750 exemplum
391 1707 588 1740 Plautinum
625 1718 644 1740 e
676 1705 926 1746 Bacchidibus,
961 1718 994 1750 p.
1030 1716 1105 1748 141,
1135 1714 1177 1749 25
1207 1706 1377 1751 Nepotis;
1414 1708 1501 1749 138,
1536 1715 1571 1739 11

151 1772 213 1801 aut
240 1767 348 1800 verba
375 1778 395 1800 a
421 1766 581 1801 Charisio
608 1772 783 1810 conrupta
819 1772 881 1801 aut
908 1772 1092 1800 contracta
1117 1778 1195 1801 esse
1222 1777 1367 1800 necesse
1394 1772 1468 1806 est,
1495 1766 1577 1811 quia

151 1827 285 1861 Plinius
310 1839 381 1861 non
407 1828 523 1872 potuit
549 1828 767 1861 Frontonem
795 1827 945 1863 laudare.
1001 1828 1072 1862 Sed
1099 1839 1142 1861 ne
1166 1827 1254 1860 haec
1285 1827 1394 1860 dubia
1422 1838 1576 1861 remane-

152 1893 231 1928 ant,
268 1887 465 1921 certissima
496 1888 699 1922 testimonia
733 1888 933 1932 adponam.
975 1888 1104 1932 quibus
1139 1887 1317 1921 Charisius
1353 1898 1425 1921 non
1459 1887 1578 1921 omnia

153 1948 383 1993 exscripsisse
408 1949 620 1993 coarguitur.
665 1949 757 1983 Nam
785 1959 875 1992 quae
902 1961 937 1993 p.
971 1958 1045 1990 114,
1071 1958 1082 1981 1
1117 1960 1136 1982 e
1162 1948 1316 1982 Romani
1343 1949 1387 1982 de
1414 1947 1579 1992 analogia

152 2009 270 2043 libello
302 2009 508 2048 laudantur,
538 2009 572 2042 in
597 2021 625 2042 c.
654 2009 753 2043 XVII
781 2010 928 2043 omnino
967 2020 1037 2042 non
1073 2015 1231 2048 exstant,
1265 2020 1357 2053 quae
1384 2021 1417 2053 p.
1449 2018 1502 2052 53,
1537 2017 1576 2042 12

153 2070 327 2113 leguntur,
356 2080 428 2103 non
452 2070 573 2103 omnia
599 2071 645 2114 (v.
666 2081 700 2114 p.
725 2079 801 2111 140,
824 2077 852 2113 5.
886 2079 961 2112 144,
996 2070 1061 2114 17).
1108 2070 1189 2103 Hoc
1215 2080 1300 2102 vero
1326 2069 1406 2103 loco
1424 2069 1576 2103 Romani

153 2131 392 2164 laudationem
428 2130 474 2163 ad
509 2129 637 2163 librum
664 2130 708 2163 de
743 2129 907 2174 analogia
934 2135 1095 2174 spectare
1120 2130 1201 2164 ideo
1228 2135 1363 2164 certum
1390 2136 1453 2170 est.
1481 2130 1578 2175 quod

153 2190 321 2235 exempla
347 2190 381 2223 in
409 2201 437 2223 c.
466 2189 568 2223 XVII
594 2190 613 2222 l.
642 2189 662 2225 l.
691 2194 900 2234 repetuntur
925 2195 960 2223 et
986 2189 1071 2222 Plini
1098 2190 1194 2223 dubii
1221 2191 1394 2224 sermonis
1417 2191 1505 2224 liber
1530 2190 1580 2223 VI

152 2256 458 2290 conmemomtur,
498 2262 543 2284 ex
578 2262 650 2294 quo
689 2250 845 2283 maxima
890 2249 979 2283 illius
1011 2261 1091 2294 pars
1129 2251 1258 2284 hausta
1300 2257 1362 2285 est.
1415 2251 1579 2295 Denique

155 2322 245 2354 quae
276 2321 310 2353 p.
343 2311 404 2353 56,
432 2321 456 2352 4
492 2311 719 2344 inveniuntur
755 2309 809 2354 (cf.
839 2310 930 2343 Keili
965 2310 1131 2343 addenda
1166 2323 1199 2355 p.
1229 2312 1332 2355 608):
1376 2312 1581 2345 »Romanus

155 2376 276 2405 autem
303 2371 338 2404 in
360 2370 449 2404 libro
482 2371 527 2405 de
558 2370 722 2414 analogia
747 2369 877 2415 [V11]¹)
914 2368 1019 2404 refert
1044 2371 1113 2404 sic:
1153 2370 1349 2413 amforum,
1387 2376 1425 2405 ut
1450 2371 1581 2405 Plinius

278 2468 296 2506 ¹)
317 2469 455 2496 Numerus
479 2469 565 2495 »vn-
590 2469 666 2504 apud
687 2469 845 2496 Putschium
867 2474 892 2495 et
914 2469 940 2495 in
965 2470 1098 2504 excerptis
1121 2469 1289 2496 Cauchianis
1309 2479 1365 2497 non
1386 2479 1450 2497 eum
1471 2468 1577 2507 ἄψορ-

1706 2408 1731 2649 μ

1734 2430 1751 2453 ,ιι

1732 2595 1751 2646 ..1.11
1724 2566 1751 2589 2
1731 2533 1751 2561 Q*
1731 2493 1751 2517 29:
1739 2467 1751 2484 ιι
